2386 3984
25 301 29 321 Ι
100 213 153 278 Ἰ50
508 218 678 275 SERENVS.
792 257 803 271 ..

111 382 162 446 27.
238 468 239 471 Ἴ
318 382 469 447 iuverunt
490 387 613 468 segetes
634 404 741 446 meum
763 382 919 484 laborem]

175 466 253 564 Ter..
262 466 303 531 28
325 468 347 531 5
361 489 430 551 sqq.
451 467 507 565 sed
520 468 581 532 iste
595 489 705 565 versus
720 469 974 558 (anacreontrus)
990 471 1079 555 quali

110 573 184 616 com
208 555 308 616 osrtus
329 555 417 616 tome
439 555 482 616 s1t
502 551 594 616 edam
616 557 801 618 ‘ruverunt’
825 576 852 619 e.
876 576 902 620 c.

208 657 263 701 aec
284 635 430 702 Petronii
457 637 542 701 inter
570 637 721 721 reliquias
743 640 895 704 rettulere
916 642 1078 728 nonnulli,

112 722 229 785 rectius
251 719 371 786 Sereno
398 722 535 803 tribuas,
564 722 628 785 nisi
649 722 718 805 ipse
733 724 834 793 ,finxit
854 724 1078 794 Terentianus,

112 806 162 871 28.
243 811 275 870 et
295 806 379 870 nihil
400 810 449 870 est
469 806 556 889 quod
577 807 682 870 amem
698 800 861 873 Flaminia
881 810 998 898 minus.

175 890 305 956 Mallius
320 890 507 955 Theodorus
522 890 560 954 de
582 892 692 956 metris
713 913 767 977 pg.
783 894 845 958 538
862 891 916 959 (1.1
937 899 1079 962 metrum

113 975 200 1040 aliud
233 976 423 1060 dactylicum
455 979 691 1059 pentametrum
723 979 838 1062 recipit
869 978 965 1062 pedes
999 979 1077 1045 hos:

113 1061 274 1145 dactylum
296 1061 362 1125 sive
384 1059 555 1143 spondium
576 1061 647 1126 loco
669 1061 773 1145 primo
796 1066 829 1126 et
849 1064 1003 1149 secundo,
1026 1085 1077 1128 oa·

56 1180 58 1184 ⁴
113 1146 254 1210 talecton
276 1144 312 1209 in
332 1145 448 1228 medic,
470 1145 547 1210 inde
560 1145 640 1211 duos
655 1145 796 1230 dactylos
819 1147 888 1211 sine
911 1150 1076 1234 catalecto,

113 1235 150 1295 ut
177 1234 225 1294 est
250 1229 330 1293 illud
358 1228 469 1295 Sereni
498 1252 525 1294 e.-
549 1253 579 1314 q.
602 1253 626 1296 s,
671 1230 848 1296 ‘Flaminia
874 1233 999 1297 minus'
1028 1233 1077 1300 ed.

113 1315 230 1412 Paris,
259 1314 525 1378 ‘flammiamuni'
555 1315 660 1381 Guelf.
688 1315 882 1382 Flaminiam
913 1318 999 1383 viam
1028 1340 1078 1383 re·
1110 1335 1114 1343 ·

113 1398 936 1570 {tt.ttbt..ltt⁸t.²tus.ttttttttstt}
948 1424 1078 1554 diiii

112 1568 163 1633 29.
203 1567 273 1655 [tibi
294 1569 437 1632 nascitur
460 1590 555 1633 omne
576 1591 684 1654 pecus,
706 1571 766 1636 tibi
788 1575 902 1638 erescit
922 1572 1033 1659 herba]

177 1652 247 1718 Ter.
260 1675 311 1718 vv.
326 1653 408 1717 1913
420 1675 488 1738 sqq.
507 1653 583 1717 dum
598 1660 736 1720 metrum
752 1658 972 1722 archebulium
987 1679 1078 1722 enar-

113 1742 177 1802 rat:
199 1738 314 1803 ‘turba
327 1737 503 1802 terribilem
518 1739 660 1803 sonitum
682 1739 769 1804 dedit
790 1763 861 1805 aere
882 1748 1000 1806 eurvo'
1023 1742 1078 1826 (ex

112 1823 180 1887 Ver
204 1873 210 1888 .
234 1822 332 1888 Vffll
368 1823 430 1889 503
449 1837 452 1842 ’
474 1827 664 1906 anapaestus
685 1824 771 1887 inest
791 1828 921 1907 quater,
943 1824 1076 1888 ultimus

113 1844 328 2005 anniacus.
337 1873 346 1907 ²
356 1823 493 1972 similem
515 1907 596 1972 dabo
618 1907 820 1991 versiculum,
834 1909 938 1993 magis
952 1911 989 1972 ut
1002 1929 1076 2004 pro·

113 1994 207 2057 betur
228 1992 327 2057 ‘t1b1'
350 2014 383 2057 e.
401 2015 431 2076 q.
455 2014 496 2076 s.;
519 1991 559 2057 cf.
582 1994 615 2056 et
637 1992 728 2057 1918.
769 1991 918 2057 Eundem
939 2014 1077 2056 versrcu·

114 2077 182 2141 lum
204 2077 343 2142 afferunt
363 2076 486 2141 Marius
507 2076 694 2143 Victorinus
715 2097 769 2162 pg.
787 2077 858 2162 183,
880 2077 988 2143 Diom.
1003 2075 1077 2160 498,

112 2161 232 2226 Atilius
260 2162 332 2226 313.
376 2162 518 2226 ‘Herba'
550 2162 648 2226 semel
674 2162 924 2229 Victorinus'ct
955 2163 1000 2226 sic
1027 2162 1079 2226 bis

112 2246 219 2311 Dicm.
243 2250 276 2310 et
297 2247 391 2330 Atil.;
415 2245 571 2311 ‘haedus’
594 2247 644 2311 bis
666 2246 738 2312 Ter.
761 2252 794 2312 et
815 2248 900 2313 Vict.
929 2248 1080 2314 Ceterum

113 2331 203 2396 Pana
234 2332 301 2395 sive
323 2330 434 2397 Palem
462 2331 583 2416 alloqui
610 2332 803 2417 quicumque
832 2333 959 2416 scripsit
989 2331 1080 2394 hune

112 2438 240 2481 versum
262 2420 312 2480 sat
332 2421 487 2501 apertum.

112 2501 164 2566 30.
231 2499 361 2588 [caduca
381 2501 472 2587 popli
494 2522 587 2567 coma
608 2502 722 2588 glauca
743 2503 807 2566 iam
828 2522 886 2584 per
907 2497 1013 2596 agros]

176 2585 256 2650 Mar.
278 2585 363 2652 Viet.
386 2607 439 2672 pg.
461 2586 521 2652 81:
543 2586 567 2651 h
612 2587 834 2652 ercatalectum
856 2605 932 2648 vero
955 2585 1080 2669 (trime-

113 2675 199 2734 trum
226 2670 399 2736 iambicum
446 2693 519 2737 cum
554 2694 574 2736 a
626 2673 784 2756 integram
817 2669 1093 2754 coniugationem‘

113 2777 178 2819 una
199 2755 341 2820 abundat
362 2779 398 2840 sy
411 2756 493 2840 laba,
508 2760 546 2821 ut
567 2760 615 2821 est
635 2756 698 2819 hoc
718 2754 899 2819 trimetrum
921 2754 1081 2819 choriam-

112 2840 221 2904 bicum
249 2841 401 2905 ‘caduca’
429 2861 456 2904 e.
479 2862 510 2923 q.
536 2861 560 2904 s.
611 2838 700 2902 Idem
727 2859 781 2924 pg.
811 2840 886 2904 164:
919 2861 1081 2923 ponamus

114 2926 200 2989 enirn
223 2925 360 3008 exempli
381 2945 476 2988 causa
490 2923 741 2987 choriambicum
761 2925 942 2989 trimetrum
963 2924 1078 3007 hyper-

88 3011 317 3092 catalectum,
342 3029 411 3073 non
437 3029 476 3071 ex
503 3007 580 3072 solis
601 3008 794 3073 choriambis
817 3009 871 3073 sed
892 3009 1079 3088 admixtum,

113 3099 150 3158 ut
172 3095 214 3158 sit
233 3091 343 3177 prirna'
360 3091 515 3176 quaedam
536 3093 721 3179 coniugatio
744 3093 917 3177 diiambus,
940 3088 1082 3156 secunda

114 3177 333 3261 choriambus,
345 3177 451 3250 ,tertia
472 3176 630 3242 diiambus
652 3183 685 3243 et
706 3178 843 3262 syllaba,
871 3176 998 3262 quando
1020 3172 1081 3258 hy-

113 3261 360 3347 percatalectum
396 3266 444 3327 est
476 3267 514 3328 ut
545 3268 594 3328 est
626 3263 779 3328 ‘caduca’
808 3284 835 3328 e.
858 3285 888 3346 q.
910 3283 936 3324 s.
987 3258 1082 3324 Idem

113 3369 222 3412 versus
244 3368 297 3433 pg.
323 3347 382 3413 165
404 3347 453 3412 bis
474 3349 610 3413 recurrit
629 3349 746 3414 leniter
766 3349 951 3412 inmutatus.
996 3342 1082 3408 Scri-

113 3433 164 3516 psi
191 3432 230 3498 de
258 3433 441 3498 coniectura
468 3433 604 3517 ‘popli’,
630 3433 664 3498 id
696 3432 782 3518 quod
814 3430 935 3515 optimo
963 3430 1080 3494 confir-

107 3522 219 3582 matur
240 3517 323 3583 libro
345 3520 380 3583 in
408 3539 471 3602 quo
500 3522 549 3583 est
573 3540 627 3605 pg.
651 3521 689 3584 81
714 3516 894 3602 ‘poplicum
916 3515 1080 3600 aglauca'.
