2386 3984
140 222 183 289 40
523 229 721 285 Annianus

140 415 218 543 {unp
236 394 345 543 appssrlt‘uc
366 383 598 541 wlfiliitsus
613 390 726 541 lgpupo
739 391 811 541 tlpoc
833 393 931 492 etiam
945 394 1106 545 {elisapm

139 499 401 714 {diritiffipseddis
416 498 957 711 deddgtffinlllldroemidcurdilddoeddd
968 503 1107 631 riidlnureri

160 670 203 714 101
326 668 399 712 cum
420 668 492 712 rom
528 711 530 714 ,
597 697 604 711 .
976 699 978 703 ,

206 730 294 808 Quae
315 732 344 797 si
365 735 450 798 recte
472 731 634 814 disputata
655 753 722 797 esse
744 717 948 817 ridebuntur,
1012 740 1105 818 paret

139 817 235 883 simul
263 817 493 903 quadamtenus
521 816 654 902 inverti,
704 839 763 882 uae
790 816 950 882 Henricus
1011 820 1106 885 cilius

139 903 178 1052 {t
196 902 443 1053 tatuit
458 902 1107 1053 militellissailtffilliffllli

140 1073 286 1170 exemplo
314 1071 355 1135 ab
383 1071 454 1156 ipso
476 1075 513 1136 ut
534 1071 661 1137 videtur
682 1071 819 1137 conficto
843 1071 957 1154 ‘siqua
977 1072 1105 1158 flagella

139 1158 264 1244 iugabrs
291 1159 366 1220 ante
392 1159 507 1239 putare
534 1156 640 1220 decet'
673 1158 782 1240 aperte
813 1154 929 1239 prodat
956 1156 1105 1240 peritiam

139 1263 248 1307 versus
275 1240 332 1325 qui
358 1244 407 1304 est
434 1240 543 1323 ‘siqua
570 1239 698 1325 flagella
723 1240 815 1326 iugae
837 1239 884 1305 ita
904 1240 1008 1326 iuga’‚
1030 1241 1106 1305 Kei-

138 1327 200 1390 lius
221 1345 275 1410 pg.
293 1325 333 1389 19
355 1345 428 1389 eum
443 1322 562 1390 Sereno
584 1324 795 1409 posteriorem
818 1345 886 1390 esse
908 1325 989 1391 dixit
1009 1330 1106 1409 atque

140 1410 218 1475 adeo
241 1409 360 1474 saeculi
381 1408 432 1474 HI
451 1409 510 1474 fini
531 1410 584 1475 vel
600 1410 700 1474 initio
724 1410 829 1494 quarti
852 1410 1105 1476 adscribendum.

139 1494 310 1560 Sedenim
332 1495 359 1560 si
381 1494 527 1560 Anniani
549 1498 598 1560 est
617 1498 756 1560 metrum
777 1495 873 1580 istud,
894 1496 978 1560 nihil
1000 1497 1108 1562 obstat

139 1580 220 1665 quin
251 1580 364 1645 Iubam
397 1579 632 1665 Hephaestioni
664 1580 732 1645 fere
764 1581 930 1664 aequalem
963 1581 1025 1646 hoc
1059 1585 1108 1646 est

139 1666 223 1730 circa
237 1667 335 1731 finem
350 1665 468 1730 saeculi
482 1664 701 1750 praecedentis
715 1665 861 1730 floruisse
877 1665 1105 1729 existimemus

140 1750 184 1816 Et
204 1751 307 1815 tutius
329 1751 405 1834 erit,
427 1750 462 1813 ni
483 1749 591 1832 fallor,
614 1786 656 1795 -
677 1752 714 1812 ut
735 1749 771 1811 in
791 1770 826 1812 re
847 1749 971 1811 incerta
990 1782 1035 1794 —
1054 1749 1106 1811 lu-

139 1837 214 1901 bam
220 1886 229 1919 ,
259 1835 315 1919 qui
336 1833 507 1899 Victorino
535 1836 618 1896 teste
648 1831 712 1928 [pg.
738 1830 810 1917 127]
839 1830 924 1894 inter
955 1831 1106 1894 metricos

141 1920 364 1985 auctoritatem
376 1917 501 2002 primae
516 1916 707 1980 eruditioms
723 1915 873 1998 obtinuit,
888 1936 985 1999 quam
998 1917 1106 1998 potest

137 2006 208 2071 fieri
229 2001 451 2088 antiquissimo
474 2000 611 2065 adscribi
631 1999 778 2083 tempori.
949 2018 957 2041 s

202 2088 314 2172 Longe
345 2084 523 2170 expeditior
553 2107 605 2150 res
637 2087 686 2150 est
716 2086 752 2148 in
783 2084 883 2149 altero
916 2083 1102 2148 Terentiani

138 2171 339 2254 testimonio,
362 2170 449 2256 quod
469 2169 607 2235 habetur
627 2169 684 2235 ubi
711 2169 906 2254 paroemiaci
927 2168 1020 2233 affert
1040 2189 1104 2231 me-

138 2257 182 2323 tri
204 2255 358 2340 exempla.
401 2254 452 2320 lbi
472 2255 552 2320 haec
573 2255 726 2340 legrmtur
746 2276 798 2319 vv.
825 2254 905 2320 1816
927 2275 1013 2338 sqq.:

343 2343 439 2425 atque
460 2339 515 2404 ille
536 2344 634 2424 poeta
654 2338 798 2404 Faliscus

342 2447 415 2490 cum
436 2425 560 2489 ludicra
581 2426 723 2490 carmina
742 2424 859 2510 pangit

343 2519 424 2574 ‘ura
444 2531 511 2575 una
532 2512 581 2575 set
602 2532 666 2574 uva
685 2509 837 2592 Falerna,

342 2600 375 2660 et
394 2598 445 2659 ter
465 2595 552 2660 feror
574 2598 607 2660 et
627 2597 741 2679 quater
761 2598 876 2659 anno'.

340 2679 424 2745 libro
446 2701 574 2764 qnoque
597 2679 678 2743 dixit
699 2677 811 2743 eodem

342 2764 459 2849 ‘unde,
481 2765 566 2830 unde
589 2763 746 2829 colonus?
766 2762 830 2828 noi

343 2872 363 2914 a
383 2849 516 2914 flumine
537 2849 627 2913 venit
649 2846 790 2913 Oronti'

143 2935 269 3019 Nempe
295 2935 376 3000 haec
402 2935 492 3000 salva
512 2932 687 2998 Latinitate
709 2932 822 2998 referri
842 2954 936 3016 posse
958 2932 999 2997 ad
1020 2932 1109 2998 Sere-

142 3043 222 3085 num
243 3041 338 3107 nego.
370 3018 454 3096 Quid
468 3016 578 3083 enim?
599 3022 637 3083 ut
657 3017 712 3081 ille
734 3016 948 3083 aemulatione
963 3017 1109 3082 Anniani

140 3105 290 3171 inductus
319 3103 481 3188 scripserit
512 3102 632 3167 librum
664 3101 862 3170 Faliscorum
889 3103 999 3186 titulo,
1027 3124 1108 3167 num

142 3189 214 3256 ideo
242 3192 328 3255 recte
350 3187 474 3254 dicetur
494 3190 592 3273 poeta
611 3186 778 3253 Faliscus?
811 3185 888 3263 Quis
910 3187 1048 3270 hercula
1071 3191 1110 3252 ut

140 3275 204 3341 hoc
219 3273 365 3358 exemplo
380 3275 461 3358 utar,
485 3294 558 3338 eum
573 3273 629 3357 qui
643 3269 796 3355 Λοκρικὰ
812 3269 942 3359 ᾅσματα
963 3271 1110 3336 imitetur

141 3362 331 3447 argumento
352 3361 449 3442 atque
464 3357 543 3423 adeo
563 3357 772 3442 inscriptione
787 3356 859 3422 ideo
874 3355 1012 3421 Locrum
1057 3378 1109 3420 oe·

139 3449 207 3510 tam
228 3442 432 3509 nominabit?
466 3440 543 3518 Quis
564 3441 739 3507 Horatium
760 3441 911 3521 Aeolium
933 3463 973 3525 ap
998 3462 1015 3505 e
1041 3441 1109 3505 avit

139 3533 254 3613 ratem,
278 3528 354 3613 quia
374 3527 553 3613 principem
575 3548 608 3592 se
623 3527 773 3592 Aeolium
795 3547 923 3591 carmen
1003 3525 1104 3591 Italos
