2386 3984
391 221 499 276 LIBER
521 219 717 276 sneVNDVS.
996 215 1036 279 19

70 389 238 473 Incipiunt
259 385 448 470 Appennini
471 384 592 449 devexa
612 384 728 468 videri,
1004 397 1035 447 15

115 471 186 549 Qua
206 470 316 535 fremit
336 470 423 534 aerio
445 473 555 534 monte
577 469 706 554 repulsa
726 468 848 534 Thetis.
895 514 898 519 -

70 558 199 624 Italiam
221 577 327 620 rerum
348 555 512 620 dominam
533 554 590 638 qui
612 555 739 640 cingere
761 554 833 619 visu

114 642 159 708 Et
179 645 288 706 totam⁴
300 641 426 724 pariter·
444 660 579 704 cernere.
594 642 702 704 mente
724 639 817 723 velit,
896 652 897 656 ’

73 727 220 792 Inveniet
241 746 392 810 quernae·
405 723 881 809 111111111111111111111111111,

115 815 263 876 Artatam
284 811 422 874 laterum
445 809 655 875 conveniente
678 810 761 875 sinu.
1000 823 1033 872 20

78 897 169 961 Milia
188 918 247 981 per
269 895 409 980 longum·
426 892 538 958 decies
552 899 688 961 centena
706 898 858 959 teruntur

114 985 145 1046 A
167 981 326 1067 Ligurum
342 979 441 1045 terris
463 978 792 1044 adfretadicaniae:

70 1067 111 1131 In
133 1068 234 1130 latum
256 1065 354 1130 variis
377 1065 531 1129 damnosa
552 1064 759 1130 amfractibus
775 1065 883 1129 intrat

114 1150 273 1236 Tyrrheni
294 1150 399 1215 rabies
420 1148 615 1234 Adniscique
637 1149 707 1215 sali.

73 1234 143 1312 Qua
163 1240 273 1300 tamen
295 1239 344 1300 est
365 1235 467 1300 iuneti
488 1235 586 1301 maris
608 1235 836 1321 angustissima
855 1233 967 1318 tellus,
1005 1247 1037 1295 25
1107 1297 1109 1303 ,

113 1319 262 1406 Triginta
283 1324 317 1384 ct
337 1325 467 1384 centnm
488 1321 668 1385 milia-sola
688 1323 786 1404 putet.

72 1405 226 1471 Diversus
246 1402 371 1467 medius
392 1425 485 1468 mons
509 1405 693 1487 obliquatur
714 1406 750 1468 in
770 1404 889 1488 undas,

118 1486 188 1564 Qua
208 1487 274 1552 fert
295 1491 391 1571 atque
412 1486 512 1551 refert
531 1487 683 1552 Phoebus
703 1492 843 1572 uterque·
860 1488 958 1554 diem:

20 1590 24 1598 ·
72 1573 122 1638 Vr
145 1576 178 1637 et
199 1570 489 1637 Dalmatius-noo
511 1572 629 1637 vertice
651 1572 782 1656 fluctus,

118 1593 316 1741 dceruleque
339 1656 486 1722 occiduis·
500 1655 625 1742 frangit
644 1655 782 1723 Etrusca
802 1657 896 1744 iugis.
1007 1672 1040 1720 30

76 1741 110 1808 Si
132 1741 254 1806 factum
276 1746 362 1806 certa
382 1741 538 1806 mundum
559 1742 684 1806 ratione
706 1741 858 1828 fatemur,

115 1825 356 1910 Consiliumque
379 1826 430 1891 dei
451 1826 601 1891 machina
621 1831 713 1892 tanta
734 1827 813 1911 fuit3

70 1912 225 1977 Excubiis
246 1911 332 1976 Latii
353 1912 535 1996 praetexuit
555 1912 788 1996 Appenninum

116 1995 326 2081 Olaustraque
347 1998 510 2063 montanis
532 1997 586 2060 vix
608 1996 754 2062 adeunda
775 1997 845 2062 viis.

72 2079 233 2144 Invidiam
253 2081 362 2145 timuit
383 2085 500 2146 natura
520 2104 697 2166 parumque
719 2083 846 2166 putavit
1007 2097 1040 2143 35

116 2165 246 2230 Arctois
266 2166 368 2249 Alpes
391 2167 578 2250 opposuisse
600 2167 711 2232 minis:

74 2248 164 2316 Sicut
184 2249 318 2314 vallavit
338 2251 448 2315 multis
469 2251 580 2316 vitalia
601 2253 767 2336 membris,

114 2333 184 2400 Nec
207 2335 305 2400 semel
327 2335 473 2419 inclusit,
496 2358 578 2419 quae
599 2338 740 2420 pretiosa
760 2337 845 2400 tulit.

72 2419 142 2483 Iam
162 2425 233 2484 tum
255 2420 427 2504 multiplici
448 2421 566 2485 meruit
585 2423 764 2486 munimine
786 2422 874 2506 cingi

118 2502 343 2589 Sollicitosque
365 2505 481 2570 habuit
502 2505 606 2583 Roma
625 2505 736 2571 futura
756 2505 853 2570 Deos.
1008 2520 1042 2566 so

77 2584 148 2662 Quo
169 2590 272 2674 magis
294 2594 343 2655 est
363 2590 489 2656 facinus
512 2589 574 2654 diri
595 2589 783 2656 Stilichonis
805 2591 954 2654 acerbum
960 2640 970 2675 ‚

116 2670 267 2748 Proditor
288 2676 397 2740 arcani
419 2676 475 2760 qui
497 2675 561 2739 fuit
581 2676 718 2760 imperii.

74 2755 222 2821 Romano
244 2761 355 2842 generi
377 2761 453 2825 dum
475 2760 680 2839 nititur'esse
702 2763 862 2844 superstes
868 2810 878 2845 ,

118 2839 263 2907 Crudelis
285 2846 416 2909 summis
437 2846 567 2910 miscuit
587 2846 653 2910 ima
673 2845 778 2911 furor:

73 2925 225 3010 Dumque
247 2927 354 3012 timet,
378 2929 534 3014 quidquid
556 2951 589 2994 se
612 2929 733 2995 fecerat
754 2931 823 3014 ipse
843 2931 966 3015 timeri,
1009 2943 1042 2991 45

115 3012 256 3076 Immisit
275 3012 386 3077 Latiae
408 3015 544 3079 barbara
564 3015 630 3081 tela
651 3016 732 3080 neci.

73 3095 261 3162 Visceribus
282 3097 378 3162 nudis
400 3102 558 3164 armatum
580 3100 724 3165 condidit
746 3101 888 3184 hostem,

115 3180 228 3247 Illatse
251 3182 349 3247 cladis
371 3183 521 3248 liberiore
543 3184 627 3250 dolo.

74 3262 149 3347 Ipsa
170 3264 362 3333 satellitibus
382 3268 503 3353 pellitis
524 3268 629 3335 Roma
649 3272 796 3354 patebat,

117 3347 161 3414 Et
183 3353 309 3436 captiva
352 3354 434 3438 rius,
458 3376 555 3438 quam
577 3358 758 3439 caperetur,
775 3357 852 3419 erat.
1011 3367 1045 3416 oo

73 3431 144 3498 Nec
164 3438 292 3502 tantum
345 3439 435 3504 etiois
457 3443 620 3524 grassatus
641 3439 788 3523 proditor
809 3439 922 3503 armis:

117 3521 204 3584 Ante
227 3519 403 3607 Sibyllinae
424 3523 494 3588 fata
515 3524 668 3588 cremavit
690 3525 770 3608 opis.

814 3641 857 3694 ᾖ
