2386 3984
53 304 55 309 ,
139 216 182 280 54
441 220 588 277 rucuerr
610 220 810 278 lucrosus,

385 389 456 450 tum
478 386 505 450 si
527 406 635 450 morae
658 383 735 469 quid
756 370 922 468 plusculae

385 469 499 541 fuisset
521 471 556 534 in
578 473 671 534 coetu
694 470 808 552 osculi,
1053 471 1055 475 ’

386 556 504 620 emoris
527 555 596 640 igni
618 555 740 638 percita

387 641 555 704 transisset
576 644 608 704 et
629 662 679 704 mc
701 640 876 723 linqueret,

386 729 419 790 et
441 725 523 789 mira
543 746 692 808 prorsum
713 746 764 789 res
785 725 885 806 foret,

386 813 424 874 ut
444 810 554 873 fierem
576 809 617 874 ed
638 831 689 873 me
710 813 870 892 montone,

388 894 428 958 ad
449 894 621 976 puerulum
642 895 729 958 intus
751 895 903 958 viverem.

206 979 288 1043 Gell.
303 978 442 1062 XVIIII,
461 981 514 1043 11:
538 978 748 1044 Celebrantur
763 978 825 1042 duo
841 979 896 1043 isti
912 976 1025 1043 Graeci
1041 999 1109 1042 ver-

142 1064 234 1129 siculi
271 1064 508 1148 multcrumquc
546 1064 713 1128 doctorum
749 1063 918 1127 hominum
953 1064 1109 1128 memoria

141 1149 329 1234 dignentur,
364 1148 450 1230 quod
485 1149 551 1212 sint
583 1147 771 1232 lepidissimi
804 1151 837 1210 et
863 1148 1109 1213 venustissimae

140 1233 316 1298 brevitatis.
345 1231 459 1316 Neque
480 1233 559 1297 adeo
574 1233 669 1317 pauci
691 1237 767 1296 sunt
781 1235 904 1296 veteres
926 1232 1108 1316 scriptores,

142 1319 197 1402 qui
220 1317 348 1400 quidem
371 1338 425 1381 eos
447 1316 593 1382 Platonis
620 1339 687 1382 csse
715 1316 902 1401 philosophi
928 1317 1108 1400 adfirmant,

142 1403 258 1552 llll?
273 1401 961 1571 illalllelllllnlalllltll'trllgoedffi
981 1423 1109 1486 ‘llll

183 1569 246 1656 τὴν
261 1509 374 1654 ccxcii!
383 1568 561 1654 Ἀγάθωνα
575 1575 688 1656 φιλῶν
703 1572 759 1637 ἐπὶ
774 1573 954 1656 χείῌεσῴ
968 1571 1084 1654 ἔσχον·

226 1645 312 1738 ἦλθε
333 1653 399 1741 γὰρ
420 1654 441 1739 ἡ
464 1656 602 1740 τλήμων
623 1653 669 1733 ὡς
690 1655 928 1740 διαβησομένη.

141 1741 213 1806 Hoc
235 1741 385 1823 δίστιχον
404 1743 525 1806 amicus
547 1763 645 1824 meus,
668 1738 733 1805 οὐκ
747 1739 897 1822 ἄμουσος
911 1739 1108 1820 adulescens

142 1827 177 1890 in
199 1827 306 1910 plures
327 1826 501 1890 versiculos
522 1826 671 1890 licentius
692 1825 886 1908 liberiusque
908 1823 1014 1888 vertit.
1045 1821 1108 1898 Qui

142 1911 296 1996 quoniam
318 1910 399 1974 mihi
421 1910 550 1994 quidem
571 1910 631 1975 visi
653 1913 729 1974 sunt
749 1930 817 1973 non
839 1929 907 1973 csse
928 1912 1111 1973 memoratu

141 1997 277 2080 indigni,
300 1995 435 2060 subdidi.
491 2015 493 2020 ·
667 1995 670 1999 ’
1140 2042 1143 2047 .

207 2081 247 2146 V.
268 2084 284 2144 1
308 2081 420 2164 scripsi
443 2080 656 2144 ‘semhiuleo’
670 2100 730 2163 pro
746 2077 944 2143 semihiulco.
965 2115 1008 2124 -
1029 2077 1110 2141 ib.2

143 2171 273 2230 ‘meum'
289 2187 330 2249 u,
352 2169 448 2230 ‘meo’
464 2165 532 2229 cdd.
557 2203 595 2212 —
618 2164 660 2229 ib.
676 2163 698 2226 4
714 2168 845 2228 ‘amore'
862 2162 932 2228 edd.
947 2162 1108 2227 Hertzius

142 2288 185 2298 -
206 2251 249 2313 ib.
268 2251 307 2314 16
330 2253 384 2314 ‘ut
404 2250 515 2314 fierem
529 2249 569 2313 ed
582 2255 651 2314 me'
673 2270 749 2332 nos,
772 2252 827 2312 ‘ut
847 2248 888 2312 od
909 2269 960 2312 me
981 2249 1109 2312 fierem?

143 2357 190 2418 v.;
213 2335 253 2399 cf.
277 2335 306 2400 d.
329 2357 355 2400 r.
378 2358 420 2399 m,
441 2335 514 2399 248.
537 2373 578 2382 -
600 2334 643 2399 ib.
662 2335 700 2398 17
723 2333 927 2418 ‘puerulum'
949 2332 1110 2415 Hertzius‚

143 2425 311 2503 ‘puerum'
333 2419 418 2484 libri.

143 2504 173 2568 2.
495 2503 569 2568 Elio
591 2526 668 2568 nam
689 2503 822 2589 gabelus

209 2588 281 2653 Hoc
302 2589 353 2654 fra
410 2592 521 2654 entum
541 2589 664 2654 heroici
678 2610 788 2653 versus
810 2585 952 2670 aequalis
973 2588 1010 2649 ut
1024 2584 1111 2648 ride-

143 2677 198 2738 tur
216 2672 356 2759 Helioga
378 2673 429 2738 elo
452 2674 591 2739 auctoris
613 2674 698 2738 inter
720 2672 865 2754 exempla
886 2670 996 2735 tmesis
1018 2669 1112 2734 effert

144 2757 317 2843 Pompeius
339 2780 393 2845 pg.
416 2759 480 2824 309
493 2758 531 2824 L.
571 2758 638 2824 Oet.
662 2758 702 2822 cf.
725 2757 755 2820 d.
777 2778 802 2820 r.
825 2777 866 2820 m.
890 2755 961 2820 347.
985 2754 1048 2819 366
1063 2776 1111 2838 sq.

145 2844 175 2908 3.
389 2847 506 2907 nature
528 2843 574 2908 sic
597 2845 645 2907 est
666 2840 822 2923 fluminis,

388 2931 426 2991 ut
447 2927 562 3024 obvias·
579 2926 736 3010 imagines

210 3095 339 3194 Servius
362 3011 713 3193 agegggtetrffiluggm
727 3032 868 3193 ‹iilbiiilit
889 3094 968 3159 adeo
990 3093 1113 3177 perspi-

146 3204 238 3247 cuam
267 3182 366 3245 fursee
395 3183 544 3245 naturmn
565 3180 722 3264 flummm,
745 3184 783 3245 ut
803 3202 839 3244 m
861 3201 898 3243 eo
921 3181 1115 3263 apparerent

146 3267 303 3352 imagines
330 3287 499 3330 nemorum
527 3287 606 3350 quas
634 3264 792 3330 Troianae
824 3285 923 3330 nares
950 3263 1113 3328 secabunt.

146 3350 358 3416 Terentianus
393 3354 543 3415 ‘nature’
575 3372 601 3415 e.
631 3372 661 3435 q.
684 3372 708 3415 s.
752 3349 840 3414 Haec
876 3369 957 3431 quae
992 3346 1116 3412 frustra

146 3439 344 3520 quaeruntur
365 3435 451 3520 apud
465 3435 615 3500 Maurum
637 3456 709 3499 cum
731 3435 784 3497 vix
807 3434 848 3496 sit
868 3432 1034 3515 probabile
1056 3453 1116 3517 po·

140 3521 207 3584 site
233 3521 333 3586 fuisse
360 3521 396 3586 in
417 3521 532 3586 ultima
554 3542 687 3605 operum
709 3518 777 3582 eius
798 3521 904 3601 parte,
927 3517 982 3582 elii
1003 3517 1116 3601 potius
