2386 3984
451 205 559 260 LIBER
579 203 724 259 PRIMVS.
1030 197 1070 262 13

104 370 173 453 lpsi
195 389 228 431 se
250 367 424 432 monachos
447 367 545 432 Graio
568 368 760 453 cognomine
782 367 908 451 dicunt,

149 450 241 529 Quod
262 452 322 516 soli
343 453 433 517 nullo
456 453 564 517 vivere
585 455 667 516 teste
689 453 813 517 volunt.

105 538 242 602 Munera
262 536 410 602 fortunae
433 541 597 620 metuunt,
621 537 696 601 dum
718 537 835 602 damna
855 540 1015 601 verentur.

153 621 326 705 Quisquam
348 626 462 705 sponte
484 622 595 705 miser,
617 644 658 686 ne
679 622 777 686 miser
797 643 865 686 esse
888 621 1007 719 queat?

108 707 270 783 Quaenam
290 706 433 790 perversi
454 707 558 770 rabies
579 709 647 770 tam
668 706 767 771 stulta
788 707 924 787 cerebri,
1020 718 1071 766 445

148 791 234 856 Dum
255 791 340 855 mala
360 790 527 875 formides,
549 813 609 856 neo
630 792 717 856 bona
737 813 831 875 posse
852 791 944 874 pati?

106 876 179 942 Sive
201 897 274 941 suas
296 878 447 959 repetunt
467 876 608 941 fatorum
630 898 664 940 er
687 876 791 940 astula
811 898 946 960 poenes,

147 961 266 1026 Tristia
287 982 342 1024 seu
364 961 458 1046 nigro
481 961 603 1025 viscera
623 898 698 1024 felle
720 965 855 1025 tument.
963 1027 965 1030 .

107 1044 159 1110 Sic
180 1045 299 1110 nimiae
321 1045 395 1109 bilis
416 1046 565 1110 morbum
587 1046 765 1130 assignavit
786 1044 946 1110 Homerus
1155 1099 1160 1122 ,

150 1129 430 1214 Bellerophonteis
452 1129 740 1214 sollicitudinibus:
1022 1142 1073 1190 440

106 1215 191 1280 Nam
212 1214 322 1280 iuveni
345 1214 466 1280 offenso
489 1215 576 1280 saevi
597 1218 671 1299 post
692 1214 757 1280 tela
779 1215 898 1279 doloris

147 1300 275 1366 Dicitur
296 1299 473 1364 humanum
495 1300 693 1383 displicuisse
716 1321 827 1386 genus.

106 1385 147 1449 In
167 1385 432 1466 Volaterranum,
454 1406 530 1448 vero
553 1385 645 1448 Vada
666 1386 813 1467 nomine,
835 1389 974 1449 tractum

148 1469 316 1551 Ingressus
339 1468 427 1530 dubii
447 1469 585 1532 tramitis
607 1469 673 1531 alta
693 1469 777 1552 lego.

108 1551 283 1634 Despectat
303 1572 418 1634 prorae
441 1555 547 1615 custos
570 1552 758 1634 clavumque
780 1556 966 1635 sequentem
1024 1565 1073 1614 455

150 1636 272 1720 Dirigit
293 1639 326 1700 et
345 1635 480 1719 puppim
502 1657 580 1701 voce
602 1639 754 1701 monente
776 1637 869 1721 regit.

108 1721 250 1786 Incertus
272 1721 401 1805 gemina
423 1719 621 1785 discriminat
642 1721 755 1785 arbore
777 1720 885 1785 fauces

148 1805 340 1890 Defixasquc
363 1805 457 1870 offert
477 1806 569 1870 limes
591 1808 725 1889 uterque
747 1805 855 1870 sudes:

107 1891 177 1956 Illis
198 1912 347 1974 proceras
368 1912 438 1954 mos
461 1896 510 1955 cst
531 1891 699 1955 adnectere
721 1891 828 1956 lauros

151 1975 346 2059 Conspicuas
368 1976 465 2039 ramis
488 1979 521 2040 et
541 1975 713 2040 fruticante
736 1997 842 2058 coma,
1025 1988 1074 2036 460

108 2059 155 2125 Vt
174 2061 348 2144 praebente
370 2060 456 2124 viam
478 2060 568 2124 densi
589 2060 793 2145 symplegade
815 2060 886 2124 limi

151 2142 264 2209 Servet
284 2144 457 2209 inoffensas
480 2145 593 2209 semita
615 2145 701 2209 clara
722 2148 827 2210 notas.

110 2229 181 2294 Illic
202 2251 253 2293 me
275 2228 405 2294 rabidus
427 2230 601 2294 consistere
624 2230 726 2295 Corus
748 2229 870 2315 adegit,

151 2313 261 2390 Qualis
284 2314 437 2378 silvarum
457 2313 606 2400 frangere
628 2315 729 2378 lustra
750 2316 841 2379 solet.

107 2399 172 2464 Vix
193 2400 257 2464 tuti
280 2398 427 2464 domibus
449 2420 560 2463 saevos
581 2400 789 2464 toleravimus
810 2399 937 2463 imbres.
1024 2411 1074 2460 445

149 2484 261 2548 Albini
282 2483 388 2568 patuit
409 2484 556 2567 proxima
576 2484 653 2548 villa
674 2484 746 2548 mei.

108 2565 255 2651 Namque
275 2591 381 2652 meus,
405 2589 500 2652 quem
522 2567 626 2633 Roma
646 2590 718 2632 meo
741 2568 906 2632 subiunxit
926 2567 1059 2651 honori,

152 2650 214 2715 Per
236 2674 330 2735 quem
353 2655 423 2718 iura
444 2675 533 2717 meae
556 2653 744 2718 continuata
765 2655 870 2736 togae.

110 2733 188 2799 Non
210 2741 406 2819 exspectatos
428 2739 577 2822 pensavit
599 2737 746 2802 laudibus
768 2759 885 2820 annos3

151 2819 247 2884 Vitae
269 2821 346 2884 flore
368 2845 463 2906 puer,
486 2823 541 2887 sed
562 2824 720 2909 gravitate
742 2844 848 2886 senex.
1024 2835 1074 2883 470

108 2905 224 2968 Mutua
245 2925 413 2990 germanos
434 2908 540 2973 iunxit
560 2907 741 2973 reverentia
762 2929 882 2991 mores,

149 2989 194 3054 Et
214 2988 308 3053 favor
329 2988 459 3054 alternis
481 2994 581 3057 crevit
602 2992 759 3057 amicitiis.

108 3075 266 3139 Praetulit
287 3073 342 3137 ille
364 3096 463 3158 meas,
487 3098 559 3140 cum
580 3078 707 3142 vincere
728 3081 851 3160 posset,
873 3076 1030 3140 habenas:

150 3161 196 3223 At
217 3159 391 3224 decessoris
412 3160 514 3224 maior
536 3183 642 3225 amore
664 3162 736 3225 fuit.

111 3242 275 3309 Subiectas
296 3244 391 3309 villae
414 3247 506 3308 vacat
527 3249 688 3329 aspectare
710 3246 843 3310 salinas:
1024 3258 1073 3306 475

151 3327 298 3413 Namque
319 3328 382 3394 hoc
403 3331 550 3394 censetur
564 3330 701 3394 'nomine
723 3331 807 3394 salsa
827 3331 934 3414 palus,

111 3411 181 3487 Qua
200 3436 287 3478 mare
308 3415 445 3479 terrenis
467 3413 588 3479 declive
609 3415 774 3480 canalibus
796 3416 910 3497 intrat,

152 3495 391 3584 Multifidosque
413 3501 500 3564 lacus
521 3501 655 3583 parvula
677 3500 763 3565 fossa
784 3500 878 3583 rigat.
