2386 3984
507 160 678 222 secunus.
735 245 736 248 p
863 128 869 143 i

399 323 492 388 laeva
512 345 592 408 quae
615 323 703 389 vides
724 324 904 412 Lavernae,

399 407 539 473 Palladis
561 412 638 474 sunt
658 408 810 491 dextera?

176 511 303 576 Barthii
332 513 567 575 commentator
593 509 634 574 ad
661 509 1077 599 uheb.1111,502‘qu0d

113 595 225 661 inferis
247 594 308 660 diis
330 594 422 660 laeva
443 617 541 660 manu
562 594 800 660 immolaverint
826 597 962 684 indicat,
990 601 1078 684 quod

112 680 153 746 ad
165 681 346 764 poculenta
366 683 475 744 tamen
496 680 601 744 solum
622 679 842 767 intelligimus,
864 686 902 747 ut
922 684 1077 769 scriptum

115 768 164 830 est
184 764 270 848 apud
292 764 475 831 Serenum’.
519 763 616 848 Apud
637 763 912 852 Lindenbrogium
933 768 1023 834 haec
1035 771 1077 836 le-

113 853 236 936 guntur
258 849 416 933 adscripta
442 849 483 913 ad
509 849 616 914 locum
633 869 741 934 'quem
768 851 834 916 dixi
855 851 926 934 ‘qui
948 853 1079 920 sinistra

112 957 211 999 manu
239 933 434 1018 funduntur3
449 932 530 998 leva
550 956 648 1000 manu
670 934 844 1019 (‘manus’'
856 936 955 1002 Paria.
979 937 1078 1022 8063)

112 1018 283 1089 infuderat
311 1017 424 1085 inferis
446 1019 576 1084 sinistra
595 1041 694 1084 manu
715 1021 918 1086 immolamus
939 1023 1076 1106 pocula'.

114 1103 204 1170 Haec
226 1104 351 1168 etiamsi
374 1125 413 1168 ex
440 1108 532 1188 parte
554 1102 816 1169 Barthii'dubiae
837 1106 911 1171 fidei
938 1107 1078 1173 hominis

112 1189 300 1254 testimonio
321 1188 479 1274 nituntur,
501 1193 610 1253 tamen
631 1188 818 1254 subtrahere
839 1211 908 1254 non
929 1192 1076 1257 sustinui.

113 1273 263 1340 Ceterum
289 1272 441 1338 dimetros
463 1272 616 1338 constitui
637 1294 696 1356 pro
718 1275 928 1360 tetrametriS,
950 1280 989 1340 et‘
1003 1278 1078 1341 scri-

111 1358 163 1443 psi
185 1357 358 1423 ‘Palladis'
380 1380 439 1443 pro
462 1355 630 1423 ‘Palladit
744 1427 745 1430 ,

114 1460 163 1524 19.
430 1458 625 1527 Semiremex
645 1459 809 1526 Hercules.

179 1544 309 1610 Servius
331 1545 371 1609 ad
395 1567 464 1610 aen.
480 1544 522 1628 V,
540 1546 615 1610 116:
638 1547 700 1611 erit
719 1547 938 1612 nominativus
960 1568 1076 1612 remex.

113 1628 251 1695 Serenus
277 1635 319 1695 ‘s
341 1637 380 1695 r.'
408 1668 451 1677 —
484 1628 560 1695 Odd.
595 1630 783 1702 ‘Hercules’
814 1632 866 1695 vel
894 1631 1077 1697 ‘Hercule'.

113 1713 214 1781 Docti
236 1715 367 1800 quidam
390 1714 582 1779 ‘Herculis'.
612 1715 706 1779 Prius
730 1715 863 1779 verbum
882 1721 1077 1799 corruptum.

112 1816 163 1882 20.
180 1815 402 1966 plpffimffle
417 1837 511 1898 saepe
525 1835 619 1878 mane
635 1815 726 1878 dulce
746 1835 874 1878 carmen
895 1815 1035 1900 insonat]

222 1951 228 1966 .
251 1899 380 1964 Malhus
407 1897 595 1962 Theodorus
623 1918 678 1982 pg.
700 1897 762 1962 547
784 1895 1078 1981 affertexemplum

114 1991 185 2052 tetr.
208 1982 363 2050 trochaici
384 1983 441 2067 qui
462 1981 611 2067 spondeis
633 1985 728 2045 caret.
841 2003 843 2006 ⁴

117 2087 168 2151 21.
218 2086 282 2151 tale
304 2084 397 2168 quale
420 2105 493 2148 vere
516 2083 606 2148 dulce
629 2083 737 2148 sibilat
757 2086 840 2147 teres
862 2082 978 2170 donax]

158 2255 164 2268 ι
212 2192 256 2235 ar.
276 2169 362 2235 Vict.
384 2189 438 2254 pg.
462 2169 533 2254 114,
554 2170 608 2234 At.
630 2167 719 2266 Fort.
740 2167 804 2233 344
825 2167 896 2266 (ubi
918 2171 967 2231 est
988 2174 1077 2265 ‘vere

116 2251 1076 2437 tut?stultiettttttsjtutffittbttttt

113 2427 300 2490 existimem.

113 2509 163 2572 22.
486 2509 616 2594 pusioni
637 2530 709 2573 meo

487 2617 520 2659 se
543 2594 672 2659 tuennis
694 2592 798 2658 cadus.

176 2678 349 2744 Diomedes
371 2699 425 2764 pg.
440 2678 503 2744 516
520 2617 663 2745 §eronus
684 2678 802 2741 mirum
823 2696 948 2740 comma
969 2675 1077 2740 huius-

115 2762 203 2828 modi
225 2763 304 2829 fecit
325 2764 359 2828 in
382 2763 432 2827 his
455 2764 633 2829 versiculis:
679 2761 785 2826 usioni
800 2783 827 2825 e.
843 2782 874 2844 q.
890 2783 914 2825 s.
937 2798 978 2808 -
1000 2759 1078 2825 hacc

116 2847 252 2912 dimetra
274 2870 313 2913 ex
335 2847 466 2931 epitrito
483 2852 571 2912 sunt.
592 2884 636 2897 -
654 2785 796 2932 ligregie
810 2845 935 2910 fallitur
948 2843 1086 2910 Diome>

81 2951 85 2958 ·
116 2932 179 2996 des.
208 2972 250 2980 --
278 2933 440 3016 ‘pusioni’
463 2930 665 2996 Monacensis
687 2953 729 2996 m.
751 2931 788 3015 2,
816 2929 971 2996 ‘iusioni'
994 2928 1078 2994 idem

116 3039 158 3082 m.
185 3021 217 3100 l,
251 3017 403 3081 ‘visioni'
430 3016 505 3080 libri
536 3015 690 3099 Parisini3
726 3020 891 3099 praeterea
922 3015 958 3078 in
989 3013 1080 3079 libris

116 3102 244 3187 scriptis
267 3106 315 3166 est
336 3101 534 3186 ‘septuenis’
563 3104 596 3166 et
622 3102 657 3166 in
677 3099 779 3165 isdem
805 3099 965 3182 ‘cadens',
993 3097 1081 3180 quod

116 3187 254 3252 conexit
274 3185 388 3251 vitium
410 3184 588 3270 Scioppius.

115 3287 166 3354 23.
219 3289 297 3354 Iane
310 3291 417 3373 pater,
431 3287 508 3354 Iane
523 3291 632 3371 tuens,
648 3287 719 3352 dive
734 3287 857 3370 biceps,
872 3283 1035 3368 biformis,

222 3396 241 3439 o
264 3376 333 3438 cate
354 3394 463 3438 rerum
484 3376 585 3457 sator,
608 3394 627 3438 o
648 3372 843 3456 principium
865 3369 1014 3452 deorum,
1085 3428 1087 3434 .

220 3457 354 3524 stridula
375 3458 427 3523 cui
447 3457 576 3543 limina,
598 3458 650 3523 cui
672 3455 812 3523 cardinei
833 3453 1007 3538 tumultus,
