2386 3984
117 180 159 244 34
368 185 556 245 APVLEIVS.
578 188 777 245 ANNIANVS.

149 350 236 433 oqui
257 349 366 433 pinnis
389 349 528 416 volitans
550 372 646 448 super
667 350 797 416 aethera
820 355 935 417 cuneta
955 352 1083 438 fatigat,

222 433 936 586 Minturnensibus
997 527 1012 588 a

181 539 361 669 qutulmina
382 542 477 689 qiiem
502 541 692 670 horieiicunt
714 608 746 669 et
768 604 898 703 Stygiae
919 545 1081 674 tdiidbliraie.

179 687 276 772 Apul.
304 687 434 754 Metam.
462 709 516 774 pg.
538 689 596 754 301
623 688 721 754 Oud.:
749 688 805 755 sed
831 691 1082 759 infortunatissi-

116 794 186 836 mae
215 773 301 837 filiae
328 774 524 838 miserrimus
552 777 645 858 pater
672 775 860 923 susfiectatis
892 777 1083 843 caelestibus

118 856 199 954 odiis
222 861 255 923 et
276 859 342 923 irae
364 878 515 940 superum
541 864 687 925 metuens
736 860 766 924 ei
793 858 912 923 Milesii
933 863 1082 956 uetustis-

116 944 1082 1176 {meffigffiaffligmvffgfflgffiffiffiprg

115 1113 281 1194 maritum,
309 1111 364 1175 sed
390 1113 511 1196 Apollo
540 1134 733 1196 quamquam
791 1134 901 1177 raecus
934 1117 967 1177 et
992 1113 1079 1177 Ioni-

116 1219 171 1260 cus
197 1199 329 1292 propter
356 1195 460 1260 Mileti
488 1197 687 1262 conditorem
714 1196 759 1260 sic
780 1196 897 1262 Latina
924 1201 1009 1263 sorte
1031 1220 1080 1262 re-

114 1279 254 1428 spolfditl
277 1365 331 1427 ‘tu
353 1363 447 1428 siste'
470 1364 612 1449 Iahnius,
636 1367 733 1431 ‘iste’
757 1388 830 1431 eum
844 1389 904 1431 ras.
920 1368 997 1431 ml
1021 1366 1080 1451 cd,

114 1471 155 1512 m.
178 1448 199 1512 2
222 1448 404 1514 ‘subsiste'.
429 1488 469 1498 -
491 1450 533 1515 ib.
557 1452 575 1514 7
601 1456 698 1536 ‘quo’
723 1452 819 1535 docti,
842 1452 962 1537 ‘quod’
984 1475 1014 1516 v.
1038 1490 1080 1499 -

113 1532 163 1598 De
183 1534 289 1599 forma
311 1534 431 1600 ‘Iovis’
454 1535 592 1600 videnda
606 1559 688 1621 quae
703 1537 840 1602 diximus
861 1538 897 1602 in
918 1537 1001 1602 libro
1023 1559 1080 1602 no-

113 1620 346 1788 {tgguggcglb
375 1659 417 1667 —
438 1621 518 1686 ib.8
541 1620 696 1686 ‘fulmina
723 1630 836 1706 quem’
859 1642 935 1707 ego,
960 1622 1080 1686 ‘flumi-

403 1958 484 2032 un.
529 1957 789 2032 crunnus.
840 2070 843 2074 Α

55 2116 59 2120 ’
176 2124 225 2189 De
247 2124 399 2190 Anniano
427 2128 460 2188 et
488 2121 643 2208 Septimio
673 2127 800 2207 praeter
820 2123 976 2207 plurimos
998 2123 1080 2186 alios

115 2210 222 2274 dixere
244 2207 483 2274 Wemsdorfius
504 2209 540 2272 in
562 2209 717 2292 epimetro
739 2231 770 2292 p.
793 2207 829 2272 L.
852 2230 894 2272 m.
917 2231 948 2291 p.
970 2207 1003 2271 H
1023 2230 1079 2291 pa-

113 2294 198 2380 ginis
219 2293 283 2359 282
305 2316 373 2378 sqq.
397 2297 429 2358 et
451 2293 622 2359 Santonius
650 2293 691 2360 ad
712 2293 899 2358 Terentiam
920 2291 1025 2356 Mauri
1047 2315 1078 2356 v.

115 2380 206 2445 1816.
250 2378 386 2444 Meliora
406 2379 503 2465 longe
525 2379 615 2465 (nam
635 2379 670 2443 hi
691 2381 728 2443 ut
748 2400 825 2443 vera
869 2377 964 2442 assim
986 2377 1077 2441 falsis

114 2464 371 2530 contaminarent
392 2485 430 2529 ea
450 2486 485 2529 re
507 2467 583 2529 sunt
603 2463 727 2528 inducti
749 2462 835 2547 quod
877 2461 1079 2526 orontianum
1126 2476 1129 2481 ·

113 2553 269 2633 putarunt
290 2549 373 2614 circa
394 2550 492 2613 finem
513 2570 593 2613 saec.
614 2572 645 2633 p.
663 2547 737 2614 Ohr.
752 2569 785 2612 11.
800 2547 896 2630 primi
918 2546 1078 2632 floruisse)

111 2635 249 2718 protulit
275 2633 500 2700 Lachmannus
527 2634 562 2698 in
589 2632 787 2718 praefatione
815 2630 929 2695 Mauri.
980 2630 1080 2695 Deni-

114 2741 175 2811 que
198 2718 236 2782 de
251 2722 388 2804 utroque
410 2723 506 2803 poeta
523 2718 661 2783 diximus
682 2716 757 2781 libri
777 2715 881 2781 nostri
901 2737 978 2864 pffg.
995 2716 1080 2780 96-

115 2804 164 2867 98.
194 2803 245 2867 Ibi
260 2803 357 2867 etiam
372 2804 550 2868 carminum
565 2802 676 2868 Sereni
690 2801 858 2885 potissima
879 2822 917 2866 co
944 2801 1078 2886 egimus

176 2886 225 2951 De
241 2889 393 2952 Anniano
417 2892 528 2952 extant
540 2887 619 2952 Auli
639 2886 746 2968 Gellii,
768 2885 858 2950 cuius
879 2884 944 2950 fuit
965 2907 1081 2969 aequa·

113 2973 168 3056 lis,
189 2972 374 3036 testimonia
395 2973 416 3036 l.
439 2971 487 3036 VI
508 2994 534 3037 c.
558 2973 587 3055 7,
609 2970 706 3037 VIIH
730 2972 779 3055 10,
801 2969 863 3034 XX
886 2971 915 3035 8.
954 2970 1079 3034 Eorum

113 3057 290 3121 adscribam
311 3056 413 3120 initia.

176 3141 348 3206 Annianus
369 3144 466 3225 poeta
485 3145 612 3225 praeter
632 3141 755 3227 ingenii
777 3139 987 3205 amoenitates
1008 3137 1081 3202 lite-

112 3249 220 3291 rarum
234 3248 361 3310 quoque
378 3230 522 3290 veterum
543 3230 576 3290 et
596 3226 758 3291 rationum
780 3227 815 3289 in
835 3222 937 3288 literis
958 3223 1081 3306 oppido

114 3334 210 3396 quam
236 3312 358 3395 peritus
384 3310 447 3375 fuit
476 3315 509 3376 et
534 3311 807 3376 sermocinabatur
832 3308 914 3373 mira
941 3307 1081 3391 quadam

112 3402 146 3461 et
167 3397 247 3461 scita
268 3397 433 3461 suavitate.

176 3482 347 3546 Annianus
368 3485 466 3565 poeta
480 3485 512 3545 et
530 3480 675 3565 plerique
698 3501 770 3544 cum
792 3500 829 3542 eo
852 3477 993 3542 eiusdem
1008 3476 1081 3541 Mu·
