2386 3984
120 190 162 255 14
464 229 468 239 .
493 196 701 252 NAMATIANI

182 362 244 424 Ast
264 359 320 423 ubi
342 360 514 444 flagrantes
536 359 678 425 admovit
701 357 802 424 Sirius
824 362 930 447 ignes,

116 456 167 506 480
226 443 307 510 Cum
328 444 453 527 pallent
473 445 606 527 herbae,
630 466 701 509 cum
724 443 793 509 sitit
815 448 919 511 omnis
941 469 1031 534 ager:

181 528 264 592 Tum
286 532 515 593 cataractarum
538 529 683 594 claustris
706 529 884 594 excluditur
906 555 1039 617 aequor,

225 612 272 678 Vt
292 614 373 678 fixos
396 614 505 679 latices
527 613 649 679 torrida
670 614 763 678 duret
783 613 909 680 humus.

181 697 379 781 Concipiunt
400 721 505 763 acrem
526 699 637 775 nativa
659 699 793 784 coagula
814 698 996 786 Phoebum,

221 782 266 847 Et
287 784 395 868 gravis
417 783 537 848 aestivo
560 787 666 848 crusta
688 785 792 848 calore
814 784 893 868 coit3

114 879 164 929 485
178 867 275 932 Haud
289 869 382 932 aliter
395 889 492 951 quam
508 889 580 932 cum
596 870 698 954 glacie
712 869 797 953 riget
810 868 958 934 horridus
971 868 1086 937 Hister

221 952 424 1036 Grandiaque
447 951 598 1018 adstricto
622 954 753 1017 flumine
775 954 918 1036 plaustra
938 953 1035 1018 vehit.
1119 989 1121 992 ⁴

177 1036 324 1101 Rimctur
346 1037 459 1102 solitus
480 1040 614 1103 naturae
636 1037 813 1120 expendere
836 1060 960 1120 causas,
1132 1057 1134 1060 ⁴

219 1123 322 1205 Inque
343 1123 414 1206 pari
437 1122 544 1206 dispar
564 1122 678 1188 fomite
702 1125 836 1205 quaerat
857 1144 952 1205 opus:

179 1205 299 1271 Vincta
320 1207 442 1270 fluenta
463 1207 538 1291 gelu
560 1209 714 1290 concepto
737 1205 804 1270 sole
826 1206 1021 1291 liquescunt,

112 1304 163 1352 490
219 1290 263 1356 Et
284 1313 393 1355 rursus
414 1291 554 1373 liquidae
576 1291 643 1355 sole
665 1290 814 1376 gelantur
835 1313 945 1376 aquae.

176 1373 220 1458 0,
243 1396 339 1458 quam
360 1397 453 1458 saepe
475 1375 568 1439 malis
590 1379 762 1460 generatur
789 1377 879 1462 origo
901 1378 1077 1442 bonorum!

217 1459 402 1544 Tempestas
424 1459 549 1525 dulcem
570 1461 648 1526 fecit
669 1474 777 1526 amara
797 1485 935 1526 moram:

175 1544 362 1611 Victorinus
384 1546 490 1629 enim,
511 1551 640 1612 nostrae
661 1569 735 1630 pars
757 1548 896 1611 maxima
916 1548 1051 1631 mentis,

218 1629 400 1717 Congressu
423 1631 563 1715 explevit
584 1636 696 1695 mutua
717 1637 792 1695 vota
814 1654 882 1696 suo.

111 1727 161 1776 495
176 1715 348 1781 Errantem
369 1715 481 1780 Tuscis
503 1715 666 1779 considere
689 1716 845 1797 compulit
866 1717 951 1798 agris

217 1801 262 1866 Et
284 1801 387 1864 colere
411 1803 560 1863 externos
582 1800 675 1880 capta
696 1797 814 1862 Tolosa
836 1798 926 1860 lares

174 1884 243 1949 Nec
263 1887 390 1948 tantum
413 1882 499 1946 dnus
521 1882 620 1946 nituit
641 1881 798 1964 sapientia
819 1881 927 1944 rebus:

221 1969 355 2033 Pectore
376 1989 445 2031 non
466 1966 529 2031 alio
552 1965 756 2050 prosperiora
776 1965 860 2029 ufic,

75 2086 80 2094 ¹
175 2052 328 2119 Conscius
351 2050 496 2116 Oceanus
518 2052 689 2133 virtutum,
713 2049 842 2115 conscia
861 2048 978 2133 Thyle,

111 2151 161 2200 500
218 2138 262 2203 Et
284 2158 501 2221 quaecumque
524 2136 616 2201 ferox
638 2157 714 2199 arva
735 2134 911 2199 Britannus
934 2137 1016 2198 arat:

176 2221 246 2297 Qua
266 2221 503 2306 praefectorum
524 2220 648 2286 vicibus
669 2220 796 2284 frenata
816 2223 958 2303 potestas

219 2308 416 2391 Perpetuum
436 2328 469 2369 m
539 2307 545 2319 '
569 2306 682 2370 faenus
705 2305 823 2370 amoris
845 2304 951 2368 habet.

175 2393 365 2457 Extremum
385 2413 460 2475 pars
485 2391 539 2455 'la
561 2390 689 2475 quidem
711 2389 854 2454 discessit
874 2390 910 2453 in
932 2389 1056 2472 orbem,

221 2476 284 2542 Sed
304 2481 469 2560 tamquam
490 2475 596 2541 media
617 2480 722 2540 rector
743 2476 778 2538 in
800 2474 878 2537 urbe
901 2474 972 2537 fuit.

112 2575 163 2624 505
178 2562 255 2627 Plus
277 2563 433 2646 palmaest
454 2560 528 2626 illos
551 2562 636 2626 inter
657 2561 795 2626 voluisse
817 2557 957 2641 placere,

95 2650 99 2656 ’
215 2647 306 2712 Inter
329 2669 409 2732 quos
431 2646 537 2712 minor
560 2651 608 2711 est
630 2644 827 2728 displicuisse
849 2643 962 2726 pudor.

174 2732 314 2797 illustris
336 2753 440 2816 nuper
461 2753 567 2796 sacrae
591 2751 696 2795 comes
718 2727 844 2792 additus
866 2727 956 2792 aulae

218 2816 421 2901 Contempsit
442 2837 583 2880 summos
604 2815 687 2878 ruris
710 2835 817 2878 amore
840 2811 966 2897 gradus.

174 2901 270 2966 Hunc
292 2921 352 2986 ego
375 2900 560 2984 complexus
581 2903 752 2964 ventorum
773 2898 906 2962 adversa
926 2896 1042 2980 fefelli,

111 2999 163 3047 510
218 2986 305 3052 Dum
327 2985 438 3049 videor
459 2984 582 3067 patriae
605 2984 669 3048 iam
690 2983 771 3048 mihi
792 2986 883 3066 parte
904 2982 978 3046 frui.

173 3070 277 3136 Lutea
297 3071 476 3154 protulerat
497 3069 593 3133 sudos
615 3091 731 3133 aurora
751 3067 890 3153 iugales:

216 3157 396 3220 Antemnae
417 3153 507 3218 tendi
529 3153 648 3219 littoris
670 3176 748 3218 aura
771 3153 868 3217 iubet.

172 3242 367 3306 Inconcussa
387 3239 479 3304 vehit
500 3239 693 3323 tranquillus
716 3236 870 3321 aplustria
890 3235 999 3316 flatus,
1031 3296 1033 3299 .

215 3324 329 3391 Mollia
350 3346 461 3389 securo
483 3325 555 3388 vela
576 3324 710 3388 rudente
732 3322 884 3387 tremunt.

111 3425 161 3474 515
176 3411 333 3496 Adsurgit
353 3410 447 3493 ponti
468 3409 574 3474 medio
597 3408 781 3473 circumflua
803 3405 937 3488 Gorgon

216 3496 305 3561 Inter
326 3494 480 3560 Pisanum
503 3492 757 3578 Oyrnaicumque
779 3490 872 3554 latus.
