2386 3984
136 211 178 277 38
521 220 718 276 ANNIANVS.

198 383 247 446 Ac
268 382 409 466 primum
431 381 560 466 quidem
580 404 648 447 non
669 383 809 447 adducor
826 388 863 448 ut
874 384 1009 460 'credam
1024 407 1101 468 opu-

135 467 259 530 sculum
285 470 352 530 tam
373 466 518 532 ieiunum
539 471 572 531 et
592 465 757 532 indoctum
779 490 799 531 a
819 470 1028 553 grammatico
1051 472 1102 535 sui

134 551 288 634 temporis
316 551 530 616 eruditissimo
558 572 626 615 esse
652 550 848 637 profectum3
877 576 983 638 neque
1005 555 1100 639 enim,

134 639 172 700 ut
191 635 254 700 hoc
275 636 422 720 exemplo
445 640 531 719 utar,
553 657 647 700 verus
669 637 724 701 ille
739 635 868 702 Servius
889 639 1100 723 galliambum

134 741 174 784 ex
200 719 335 786 dimetro
363 721 500 785 iambico
528 721 712 787 catalectico
741 745 814 787 curn
848 729 1020 807 anapaesto
1049 725 1100 789 vel

135 802 270 888 spondio
302 809 335 869 et
355 805 479 869 duobus
501 805 616 870 iambis
638 811 785 873 constare
807 808 948 873 dixisset.
991 807 1101 874 Etiam

133 889 196 953 hoe
217 889 396 954 notandum
418 889 504 972 quod
526 910 599 954 cum
626 891 662 955 in
689 892 819 957 scholiis
841 891 969 958 Servius
990 896 1099 975 poeta-

134 996 206 1037 rum
227 995 337 1039 versus
359 995 398 1038 ex
419 973 559 1057 plurima
580 976 719 1041 lectione
732 978 852 1060 petitos
866 977 979 1041 afferat
996 997 1098 1059 paene

134 1058 393 1141 innumerabiles,
409 1059 591 1125 centimetri
606 1065 718 1126 auctor
737 1061 816 1124 adeo
832 1082 887 1124 eos
901 1059 1098 1144 reformidat,

134 1148 172 1208 ut
192 1165 233 1208 ne
256 1143 291 1206 in
311 1143 489 1209 notissimis
511 1145 639 1229 quidem
660 1145 769 1209 metris
785 1144 922 1229 Vergilii
943 1145 1011 1209 sive
1032 1145 1098 1209 Ho-

135 1229 210 1292 ratii
233 1228 378 1311 exempla
398 1251 545 1313 promere
568 1229 732 1312 sustineat,
748 1251 829 1313 quae
851 1228 1007 1313 siquando
1030 1251 1098 1294 suc-

133 1316 301 1377 currerunt
314 1335 352 1378 ca
365 1314 497 1398 proprio
511 1313 654 1398 periculo
676 1313 836 1379 invertere
852 1335 949 1398 quam
970 1314 1097 1400 integra

134 1396 284 1461 adhibere
306 1399 429 1482 maluit,
452 1399 536 1464 sicut
555 1397 677 1463 faetrrm
699 1399 735 1463 in
756 1396 916 1483 Sapphico
939 1399 1013 1465 illo:

195 1481 304 1546 Fauno
326 1484 542 1568 nympharum
562 1487 666 1548 metus
689 1489 721 1550 et
742 1485 900 1569 voluptas.

195 1567 343 1652 Denique
365 1590 460 1633 versu
482 1569 539 1633 illo

216 1656 354 1717 mortem
375 1657 588 1718 contemnunt
608 1652 737 1718 laudato
759 1654 891 1717 vulnere
915 1652 1015 1718 Getae

131 1735 267 1802 indicari
289 1741 452 1801 auctorem
473 1759 541 1801 non
559 1735 762 1820 Rhadagaiso
785 1741 819 1800 11
832 1737 961 1800 Alarico
984 1759 1098 1819 aequa-

130 1822 196 1885 lem
223 1822 265 1906 (is
294 1817 380 1885 1111111
407 1821 517 1886 odium
542 1818 651 1966 potius
679 1818 731 1883 vel
759 1823 979 1901 contemptum
1001 1840 1097 1902 quam

131 1906 258 1970 laudem
287 1904 383 1968 huius
411 1904 517 1989 gentis
566 1902 731 1988 eclararet)
759 1901 815 1965 sed
836 1901 892 1985 qui
913 1901 1012 1966 fuerit
1034 1902 1096 1966 Go-

131 1991 262 2056 tlrorum
288 1989 434 2073 regibus,
461 1991 498 2052 ut
525 1991 574 2051 est
601 1988 636 2051 in
668 1985 842 2071 1111111111,
876 1987 1097 2052 obtinentibus

133 2075 261 2140 Italiam
281 2073 347 2137 iam
369 2072 447 2138 alibi
467 2073 580 2137 monui
603 2071 689 2159 [anu.
711 2070 790 2155 phil.
814 2093 842 2136 a.
860 2071 942 2136 1866
988 2070 1096 2158 ,5651

131 2158 226 2224 Vnde
248 2156 358 2222 eadem
372 2158 471 2222 verba
484 2156 597 2222 similis
617 2155 815 2222 condicionis
835 2156 934 2222 homo
955 2095 1098 2222 liidorus

130 2241 682 2394 ffiegfflmp‘iiffiewi‘iffff
702 2241 923 2390 adscpptaad
944 2242 1098 2412 ppxtollppl·

258 2349 275 2392 e
402 2351 435 2391 vr
520 2349 554 2391 m
625 2349 642 2391 e
700 2348 780 2391 mc
822 2347 924 2391 on1c1s
980 2346 1011 2410 g.

131 2414 179 2478 ed.
203 2411 317 2478 Grct..

196 2411 384 2573 Quaeicum
407 2497 456 2585 ita
483 2496 563 2580 11111,
591 2496 730 2561 Albinus
757 2495 812 2559 ille
840 2495 896 2579 qui
917 2493 953 2557 in
973 2493 1098 2578 praela·

131 2583 221 2648 tione
243 2583 424 2647 centimetii
445 2586 641 2647 memoratur
655 2580 782 2646 videtur
802 2580 900 2643 fuisse
921 2578 1007 2642 filius
1029 2580 1098 2643 eius

134 2667 190 2750 qui
217 2689 250 2764 a..
273 2690 304 2751 p.
328 2667 403 2734 chr.
425 2667 489 2732 493
516 2667 629 2731 consul
656 2665 760 2730 factus
788 2667 837 2728 111
862 2663 988 2747 imperii
1016 2663 1098 2728 occi-

38 2759 40 2762 ⁴
132 2750 277 2816 dentahs.

194 2835 319 2900 Notum
346 2839 454 2901 autem
476 2835 580 2901 Servii
606 2835 658 2898 111
679 2832 785 2919 Sergii
810 2854 930 2897 nomen
957 2854 1051 2917 saepe
1078 2855 1100 2898 a

132 2919 270 2985 librariis
297 2920 395 2985 medii
429 2920 500 2985 aevi
534 2919 728 3003 adscriptum
761 2917 898 2983 aliorum
930 2921 1098 2983 auctorum

131 3004 316 3071 enchiridiis
343 3004 558 3090 grammaticis
586 3004 653 3068 sive
681 3003 831 3069 metricis.
874 3001 959 3067 Nam
981 3006 1098 3068 11111-

130 3093 235 3156 ctatus
262 3089 301 3153 de
326 3088 477 3154 finalibus
504 3088 560 3172 qui
580 3087 746 3153 Prisciano
772 3087 837 3153 fuit
863 3088 1022 3152 recentior
1043 3086 1096 3174 [ef.

131 3198 207 3241 ann.
252 3173 309 3240 hil.
331 3173 353 3239 l.
375 3172 430 3261 m.]
453 3176 487 3239 et
507 3174 621 3238 incerti
648 3173 803 3257 temporis
823 3171 950 3236 libellus
972 3172 1011 3236 de
1032 3194 1097 3236 me·

129 3261 190 3326 tris
245 3258 398 3325 orationis
421 3258 524 3324 eidem
545 3259 660 3324 tributi
680 3257 816 3323 homini.

196 3344 259 3411 sed
280 3348 318 3409 ut
330 3365 442 3409 revera
456 3344 619 3428 scripserit
633 3343 856 3408 centimetrum
870 3338 1010 3422 Servius,
1029 3361 1099 3406 non

132 3434 242 3496 tamen
267 3430 456 3514 probabitur
486 3428 672 3494 testimonio
701 3428 769 3492 cius
794 3423 906 3491 Sereni
939 3445 1007 3489 esse
1041 3425 1099 3490 illa

134 3514 280 3597 ‘quando
303 3515 431 3600 flagella
451 3514 542 3599 ligas,
565 3514 611 3577 ita
630 3513 724 3597 liga’.
761 3510 847 3575 Nam
859 3531 996 3594 versum,
1012 3509 1098 3575 unde
