2386 3984
140 210 182 276 42
522 217 720 274 ANNIANVS.

139 380 228 463 prius
255 379 442 445 fruticibus’
470 384 579 465 aperte
606 381 713 466 tangit
733 381 815 446 illud
838 390 931 447 ‘nam
952 382 1017 447 nisi
1038 383 1104 449 sint

137 465 268 549 paribus
289 463 478 530 fruticibus'
501 466 601 550 ipsius
622 464 766 530 Anniani
788 466 907 532 librum
928 489 970 532 an
985 467 1102 532 Teren-

139 549 221 615 tiani
241 550 429 615 memoriam
450 550 634 635 respexerit.

376 805 401 869 1.
440 772 647 870 'ciamus
668 803 861 871 samson.

140 982 168 1038 1.
404 994 468 1036 uva
488 995 567 1056 una,
590 977 639 1037 set
659 996 723 1037 uva
743 972 894 1055 Falerna,

404 1061 436 1122 et
456 1060 506 1122 ter
527 1057 614 1123 feror
636 1060 668 1121 et
690 1061 802 1141 quater
824 1080 920 1123 auno.

201 1142 413 1207 Terentianus
445 1142 502 1207 ubi
533 1146 672 1206 metrum
708 1145 836 1206 enarrat
865 1143 1101 1225 paroemiaeum

138 1250 190 1292 vv.
208 1227 289 1291 1816
304 1248 389 1311 sqq:
411 1229 507 1311 atque
529 1226 584 1290 ille
605 1230 701 1309 poeta
721 1224 865 1290 Faliscus
886 1248 960 1291 cum
980 1225 1102 1290 ludicra

138 1311 279 1376 carmina
305 1309 428 1395 pangit.
472 1309 521 1375 De
551 1311 734 1376 coniectura
762 1311 875 1395 scripsi
903 1319 986 1376 ‘una
1019 1316 1101 1394 set’3

137 1395 235 1481 vulgo
258 1395 326 1459 sine
348 1415 444 1460 sensu
466 1417 503 1461 ac
525 1395 694 1461 durissimo
721 1400 824 1464 metro
848 1406 928 1462 ‘uva
950 1419 1020 1461 sum
1042 1399 1101 1460 et’.

136 1479 166 1544 2.
402 1480 502 1565 unde,
525 1480 610 1546 unde
631 1481 788 1547 colonus?
809 1481 872 1546 Eoi

404 1588 424 1631 a
444 1566 576 1632 flumine
598 1567 688 1633 venit
710 1565 835 1632 Oronti.

201 1649 413 1730 Terentianus
440 1649 572 1716 Maurus
600 1675 628 1716 v.
655 1651 737 1716 1820
762 1652 845 1715 libro
873 1673 1000 1735 quoque
1023 1651 1104 1714 dixit

138 1733 250 1799 eodem
273 1734 383 1820 (poeta
404 1733 562 1822 Faliscus)
585 1758 611 1800 e.
635 1757 664 1818 q.
688 1757 713 1799 s.
737 1734 839 1799 ‘unde
860 1736 973 1798 unde’.
1016 1734 1103 1797 Hinc

137 1818 217 1884 Mar.
240 1817 325 1885 Viet.
347 1840 402 1904 pg.
428 1819 502 1884 180:
529 1818 604 1883 inde
632 1818 779 1902 intellegi
807 1817 900 1881 datur
927 1839 966 1880 ex
992 1817 1102 1880 huius-

136 1903 225 1969 modi
246 1904 425 1987 anapaestis
448 1924 576 1966 carmen
590 1900 671 1966 illud
684 1899 853 1984 Faliscum,
876 1900 962 1984 quod
975 1902 1103 1964 constat

137 2011 177 2053 ex
206 1988 348 2072 spondeo
376 1986 501 2052 duobus
523 1986 702 2071 anapaestis
729 1990 798 2050 ets
820 1985 906 2049 llaba
927 2007 995 2050 esse
1017 2006 1102 2050 com-

138 2073 280 2157 positum
301 2070 422 2137 ‘rmde'
446 2093 472 2137 c.
495 2093 521 2137 c.
550 2111 592 2119 —
620 2070 751 2136 Omittit
807 2072 912 2136 terum
939 2069 1023 2134 unde
1045 2067 1102 2134 Vi-

137 2157 255 2221 ctorini
283 2155 373 2221 'liber
407 2155 581 2221 Parisinus.
632 2156 764 2224 Oorrcxi
798 2155 1102 2239 interpunctionem.

139 2239 235 2306 ‘Eoi’
258 2240 344 2306 docti
376 2240 498 2307 ‘ane'
519 2241 590 2307 Ter.
607 2245 640 2306 et
653 2240 733 2306 Mar.
752 2278 787 2290 —
806 2239 931 2324 Oronti,
947 2238 987 2304 cl.
1003 2237 1101 2322 Verg.

136 2328 219 2390 Aen.
240 2325 257 2389 I
264 2375 273 2410 ,
295 2291 368 2390 226.
412 2324 520 2412 Vulgo
548 2327 657 2411 inepte
679 2347 717 2391 ac
742 2327 880 2410 pessimo
902 2328 1005 2389 metro
1028 2324 1103 2387 scri-

136 2412 224 2475 bitur
246 2409 382 2494 ‘undae,
410 2410 495 2476 unde
523 2412 657 2477 colonus
677 2410 757 2475 Eoi’
780 2432 807 2476 e.
829 2432 855 2474 r.
882 2447 925 2458 -
953 2409 1104 2476 Ceterum

139 2495 220 2560 illud
242 2495 365 2560 ‘venit’
387 2499 497 2561 ulrum
519 2519 538 2560 a
559 2495 717 2561 veniendo
745 2518 787 2560 an
815 2518 834 2559 a
860 2493 1028 2558 veneundo
1051 2492 1104 2557 de-

137 2580 267 2645 scendat
288 2581 455 2646 incertum.

140 2666 170 2730 3.
357 2665 485 2751 quando
507 2666 635 2752 flagella
656 2666 764 2750 iugas,
785 2663 832 2728 ita
853 2663 944 2747 iuga,

354 2751 430 2816 vitis
451 2755 485 2816 et
504 2751 610 2815 ulmus
630 2750 678 2815 uti
699 2749 795 2813 simul
815 2751 899 2813 eant.

353 2857 430 2900 nam
450 2835 514 2900 nisi
535 2835 602 2900 sint
621 2832 752 2918 paribus
773 2832 957 2917 fruticibus,

355 2920 470 2985 umbra
489 2924 584 2984 necat
604 2924 730 2983 teneras
751 2917 914 2982 Amineas.

203 3003 274 3069 Ter.
290 3001 422 3069 Maurus
443 3003 484 3069 ad
505 3003 686 3087 exemplum
707 3002 802 3068 metri
824 3001 910 3086 quod
932 3001 1105 3091 Calabrion

138 3111 205 3154 esse
228 3089 403 3154 vocitatum
425 3112 445 3154 a
466 3088 596 3154 Graecis
623 3093 734 3155 narrat
754 3086 941 3153 Victorinus
962 3105 1016 3170 pg.
1042 3086 1104 3151 178

137 3174 279 3259 (constat
304 3177 411 3238 autem
436 3174 544 3259 priore
570 3176 661 3257 parte
689 3172 867 3238 hexametri
889 3171 944 3256 qui
971 3170 1009 3234 fit
1035 3191 1104 3234 cae-

137 3281 212 3323 sura
238 3259 387 3323 instituta
420 3258 647 3342 semiquinaria
673 3261 706 3323 et
737 3278 860 3341 paeone
890 3257 1004 3339 quarto
1036 3254 1104 3320 sive

136 3343 434 3430 proceleusmatico)
456 3343 502 3408 ita
515 3343 622 3429 pergit
635 3365 687 3408 vr.
704 3342 787 3407 1995
802 3362 870 3425 sqq.
895 3338 1105 3424 ‘dactylicum

137 3427 200 3493 hoc
221 3429 291 3494 fieri
313 3429 416 3515 magis
438 3431 539 3493 amat:
561 3428 613 3493 vel
635 3428 662 3491 si
682 3426 816 3511 ponitur
835 3446 919 3489 unus
933 3425 1015 3488 alius
1036 3445 1104 3509 pes,

137 3512 232 3578 modo
253 3514 367 3579 tertius
389 3513 476 3579 hunc
497 3513 643 3578 retineat.
683 3511 762 3576 talia
776 3510 869 3575 docta
883 3508 1009 3574 Falisca
1023 3509 1104 3594 legi-
