<?xml version="1.0" encoding="UTF-8"?>
<!DOCTYPE html PUBLIC "-//W3C//DTD XHTML 1.0 Transitional//EN"
    "http://www.w3.org/TR/xhtml1/DTD/xhtml1-transitional.dtd">
<html xmlns="http://www.w3.org/1999/xhtml" xml:lang="en" lang="en">
 <head>
  <title>
</title>
<meta http-equiv="Content-Type" content="text/html;charset=utf-8" />
  <meta name='ocr-system' content='tesseract 3.04.00' />
  <meta name='ocr-capabilities' content='ocr_page ocr_carea ocr_par ocr_line ocrx_word'/>
</head>
<body>
  <div class='ocr_page' id='page_1' title='image "./claudiirutiliin00hadrgoog_0020.png"; bbox 0 0 2386 3984; ppageno 0'>
   <div class='ocr_carea' id='block_1_1' title="bbox 444 195 716 251">
    <p class='ocr_par' dir='ltr' id='par_1_1' title="bbox 444 195 716 251">
     <span class='ocr_line' id='line_1_1' title="bbox 444 195 716 251; baseline -0.004 0"><span class='ocrx_word' id='word_1_1' title='bbox 444 197 551 251; x_wconf 83' lang='lat' dir='ltr'><strong>LIBER</strong></span> <span class='ocrx_word' id='word_1_2' title='bbox 571 195 716 251; x_wconf 81' lang='lat' dir='ltr'><strong>PRIMVS.</strong></span> 
     </span>
    </p>
   </div>
   <div class='ocr_carea' id='block_1_2' title="bbox 32 359 1128 3578">
    <p class='ocr_par' dir='ltr' id='par_1_2' title="bbox 32 359 1128 3578">
     <span class='ocr_line' id='line_1_2' title="bbox 101 359 863 443; baseline -0.005 -16"><span class='ocrx_word' id='word_1_3' title='bbox 101 363 266 440; x_wconf 79' lang='lat' dir='ltr'>Quantum</span> <span class='ocrx_word' id='word_1_4' title='bbox 288 361 400 425; x_wconf 84' lang='lat' dir='ltr'>vitales</span> <span class='ocrx_word' id='word_1_5' title='bbox 422 364 538 424; x_wconf 87' lang='lat' dir='ltr'>natura</span> <span class='ocrx_word' id='word_1_6' title='bbox 558 359 697 425; x_wconf 85' lang='lat' dir='ltr'>tetendit</span> <span class='ocrx_word' id='word_1_7' title='bbox 717 359 753 424; x_wconf 92' lang='lat' dir='ltr'>in</span> <span class='ocrx_word' id='word_1_8' title='bbox 775 381 863 443; x_wconf 84' lang='lat' dir='ltr'>axes,</span> 
     </span>
     <span class='ocr_line' id='line_1_3' title="bbox 69 445 758 528; baseline -0.003 -17"><span class='ocrx_word' id='word_1_9' title='bbox 69 490 71 495; x_wconf 54' lang='lat'>=</span> <span class='ocrx_word' id='word_1_10' title='bbox 142 448 282 511; x_wconf 85' lang='lat' dir='ltr'>Tantum</span> <span class='ocrx_word' id='word_1_11' title='bbox 303 445 416 510; x_wconf 83' lang='lat' dir='ltr'>virtuti</span> <span class='ocrx_word' id='word_1_12' title='bbox 436 446 548 528; x_wconf 88' lang='lat' dir='ltr'>pervia</span> <span class='ocrx_word' id='word_1_13' title='bbox 568 449 654 510; x_wconf 84' lang='lat' dir='ltr'>terra</span> <span class='ocrx_word' id='word_1_14' title='bbox 674 449 758 509; x_wconf 86' lang='lat' dir='ltr'>tuac.</span> 
     </span>
     <span class='ocr_line' id='line_1_4' title="bbox 100 529 837 616; baseline -0.004 -20"><span class='ocrx_word' id='word_1_15' title='bbox 100 532 218 597; x_wconf 88' lang='lat' dir='ltr'>Fecisti</span> <span class='ocrx_word' id='word_1_16' title='bbox 238 531 375 614; x_wconf 87' lang='lat' dir='ltr'>patriam</span> <span class='ocrx_word' id='word_1_17' title='bbox 397 529 529 594; x_wconf 86' lang='lat' dir='ltr'>diversis</span> <span class='ocrx_word' id='word_1_18' title='bbox 552 530 701 616; x_wconf 83' lang='lat' dir='ltr'>gentibus</span> <span class='ocrx_word' id='word_1_19' title='bbox 723 551 837 594; x_wconf 89' lang='lat' dir='ltr'>unam:</span> 
     </span>
     <span class='ocr_line' id='line_1_5' title="bbox 142 614 796 698; baseline -0.006 -17"><span class='ocrx_word' id='word_1_20' title='bbox 142 615 270 681; x_wconf 89' lang='lat' dir='ltr'>Profuit</span> <span class='ocrx_word' id='word_1_21' title='bbox 290 615 416 698; x_wconf 82' lang='lat' dir='ltr'>invitis,</span> <span class='ocrx_word' id='word_1_22' title='bbox 438 619 470 679; x_wconf 89' lang='lat' dir='ltr'>te</span> <span class='ocrx_word' id='word_1_23' title='bbox 493 615 693 697; x_wconf 74' lang='lat' dir='ltr'>dominante,</span> <span class='ocrx_word' id='word_1_24' title='bbox 716 614 796 697; x_wconf 92' lang='lat' dir='ltr'>capi.</span> 
     </span>
     <span class='ocr_line' id='line_1_6' title="bbox 101 698 1066 784; baseline -0.006 -18"><span class='ocrx_word' id='word_1_25' title='bbox 101 701 249 784; x_wconf 83' lang='lat' dir='ltr'><strong>Dumque</strong></span> <span class='ocrx_word' id='word_1_26' title='bbox 274 700 369 765; x_wconf 88' lang='lat' dir='ltr'>offers</span> <span class='ocrx_word' id='word_1_27' title='bbox 391 701 483 764; x_wconf 88' lang='lat' dir='ltr'>victis</span> <span class='ocrx_word' id='word_1_28' title='bbox 505 700 629 783; x_wconf 90' lang='lat' dir='ltr'>proprii</span> <span class='ocrx_word' id='word_1_29' title='bbox 651 699 813 764; x_wconf 89' lang='lat' dir='ltr'>consortia</span> <span class='ocrx_word' id='word_1_30' title='bbox 833 698 927 782; x_wconf 87' lang='lat' dir='ltr'>iuris,</span> <span class='ocrx_word' id='word_1_31' title='bbox 1032 710 1066 761; x_wconf 82' lang='lat'>65</span> 
     </span>
     <span class='ocr_line' id='line_1_7' title="bbox 143 783 843 868; baseline -0.006 -18"><span class='ocrx_word' id='word_1_32' title='bbox 143 785 264 851; x_wconf 80' lang='lat' dir='ltr'>Vrbem</span> <span class='ocrx_word' id='word_1_33' title='bbox 285 785 405 868; x_wconf 88' lang='lat' dir='ltr'>fecisti,</span> <span class='ocrx_word' id='word_1_34' title='bbox 429 784 515 868; x_wconf 89' lang='lat' dir='ltr'>quod</span> <span class='ocrx_word' id='word_1_35' title='bbox 536 785 625 867; x_wconf 90' lang='lat' dir='ltr'>prius</span> <span class='ocrx_word' id='word_1_36' title='bbox 648 783 744 848; x_wconf 81' lang='lat' dir='ltr'>Orbis</span> <span class='ocrx_word' id='word_1_37' title='bbox 766 786 843 847; x_wconf 90' lang='lat' dir='ltr'>erat.</span> 
     </span>
     <span class='ocr_line' id='line_1_8' title="bbox 100 867 987 954; baseline -0.002 -20"><span class='ocrx_word' id='word_1_38' title='bbox 100 874 258 935; x_wconf 86' lang='lat' dir='ltr'>Auctores</span> <span class='ocrx_word' id='word_1_39' title='bbox 280 869 407 954; x_wconf 83' lang='lat' dir='ltr'>generis</span> <span class='ocrx_word' id='word_1_40' title='bbox 429 869 590 934; x_wconf 85' lang='lat' dir='ltr'>Venerem</span> <span class='ocrx_word' id='word_1_41' title='bbox 612 869 812 952; x_wconf 87' lang='lat' dir='ltr'>Martemque</span> <span class='ocrx_word' id='word_1_42' title='bbox 834 867 987 953; x_wconf 78' lang='lat' dir='ltr'>fatemur,</span> 
     </span>
     <span class='ocr_line' id='line_1_9' title="bbox 141 953 940 1037; baseline -0.003 -18"><span class='ocrx_word' id='word_1_43' title='bbox 141 954 328 1020; x_wconf 82' lang='lat' dir='ltr'>Aeneadum</span> <span class='ocrx_word' id='word_1_44' title='bbox 350 958 486 1018; x_wconf 88' lang='lat' dir='ltr'>matrem</span> <span class='ocrx_word' id='word_1_45' title='bbox 509 953 781 1037; x_wconf 83' lang='lat' dir='ltr'>Romulidumque</span> <span class='ocrx_word' id='word_1_46' title='bbox 801 957 940 1036; x_wconf 85' lang='lat' dir='ltr'>patrem:</span> 
     </span>
     <span class='ocr_line' id='line_1_10' title="bbox 99 1038 960 1125; baseline -0.003 -21"><span class='ocrx_word' id='word_1_47' title='bbox 99 1039 232 1125; x_wconf 85' lang='lat' dir='ltr'>Mitigat</span> <span class='ocrx_word' id='word_1_48' title='bbox 253 1042 391 1103; x_wconf 84' lang='lat' dir='ltr'>armatas</span> <span class='ocrx_word' id='word_1_49' title='bbox 413 1038 529 1104; x_wconf 87' lang='lat' dir='ltr'>victrix</span> <span class='ocrx_word' id='word_1_50' title='bbox 550 1039 720 1103; x_wconf 90' lang='lat' dir='ltr'>clementia</span> <span class='ocrx_word' id='word_1_51' title='bbox 740 1038 841 1121; x_wconf 80' lang='lat' dir='ltr'>vires3</span> <span class='ocrx_word' id='word_1_52' title='bbox 958 1072 960 1076; x_wconf 34' lang='lat' dir='ltr'>v</span> 
     </span>
     <span class='ocr_line' id='line_1_11' title="bbox 143 1123 1067 1206; baseline -0.005 -16"><span class='ocrx_word' id='word_1_53' title='bbox 143 1123 303 1190; x_wconf 76' lang='lat' dir='ltr'>Convenit</span> <span class='ocrx_word' id='word_1_54' title='bbox 325 1125 360 1188; x_wconf 93' lang='lat' dir='ltr'>in</span> <span class='ocrx_word' id='word_1_55' title='bbox 381 1146 486 1189; x_wconf 88' lang='lat' dir='ltr'>mores</span> <span class='ocrx_word' id='word_1_56' title='bbox 508 1146 629 1189; x_wconf 87' lang='lat' dir='ltr'>numen</span> <span class='ocrx_word' id='word_1_57' title='bbox 651 1127 821 1206; x_wconf 88' lang='lat' dir='ltr'>utrumque</span> <span class='ocrx_word' id='word_1_58' title='bbox 842 1126 926 1187; x_wconf 87' lang='lat' dir='ltr'>tues.</span> <span class='ocrx_word' id='word_1_59' title='bbox 1034 1136 1067 1185; x_wconf 72' lang='lat' dir='ltr'>&#39;lo</span> 
     </span>
     <span class='ocr_line' id='line_1_12' title="bbox 98 1207 998 1292; baseline -0.006 -18"><span class='ocrx_word' id='word_1_60' title='bbox 98 1209 186 1274; x_wconf 88' lang='lat' dir='ltr'>Hinc</span> <span class='ocrx_word' id='word_1_61' title='bbox 207 1209 267 1274; x_wconf 84' lang='lat' dir='ltr'>tibi</span> <span class='ocrx_word' id='word_1_62' title='bbox 290 1209 433 1274; x_wconf 88' lang='lat' dir='ltr'>certandi</span> <span class='ocrx_word' id='word_1_63' title='bbox 454 1210 541 1274; x_wconf 87' lang='lat' dir='ltr'>bona</span> <span class='ocrx_word' id='word_1_64' title='bbox 561 1209 775 1292; x_wconf 91' lang='lat' dir='ltr'>parcendique</span> <span class='ocrx_word' id='word_1_65' title='bbox 797 1207 960 1290; x_wconf 83' lang='lat' dir='ltr'>voluptas:</span> <span class='ocrx_word' id='word_1_66' title='bbox 996 1219 998 1226; x_wconf 86' lang='lat'>&#39;</span> 
     </span>
     <span class='ocr_line' id='line_1_13' title="bbox 144 1293 967 1378; baseline -0.002 -20"><span class='ocrx_word' id='word_1_67' title='bbox 144 1293 231 1370; x_wconf 78' lang='lat' dir='ltr'>Quos</span> <span class='ocrx_word' id='word_1_68' title='bbox 253 1294 377 1376; x_wconf 85' lang='lat' dir='ltr'>timuit,</span> <span class='ocrx_word' id='word_1_69' title='bbox 401 1298 546 1378; x_wconf 88' lang='lat' dir='ltr'>superat;</span> <span class='ocrx_word' id='word_1_70' title='bbox 570 1316 651 1377; x_wconf 91' lang='lat' dir='ltr'>quos</span> <span class='ocrx_word' id='word_1_71' title='bbox 673 1293 850 1377; x_wconf 83' lang='lat' dir='ltr'>superavit,</span> <span class='ocrx_word' id='word_1_72' title='bbox 873 1296 967 1357; x_wconf 79' lang='lat' dir='ltr'>amat,</span> 
     </span>
     <span class='ocr_line' id='line_1_14' title="bbox 99 1378 941 1462; baseline -0.001 -20"><span class='ocrx_word' id='word_1_73' title='bbox 99 1379 269 1443; x_wconf 85' lang='lat' dir='ltr'>Inventrix</span> <span class='ocrx_word' id='word_1_74' title='bbox 291 1378 380 1442; x_wconf 88' lang='lat' dir='ltr'>oleae</span> <span class='ocrx_word' id='word_1_75' title='bbox 402 1379 518 1442; x_wconf 87' lang='lat' dir='ltr'>colitur</span> <span class='ocrx_word' id='word_1_76' title='bbox 539 1379 671 1462; x_wconf 86' lang='lat' dir='ltr'>vinique</span> <span class='ocrx_word' id='word_1_77' title='bbox 693 1381 838 1461; x_wconf 87' lang='lat' dir='ltr'>repertor</span> <span class='ocrx_word' id='word_1_78' title='bbox 939 1419 941 1422; x_wconf 94' lang='lat'>-</span> 
     </span>
     <span class='ocr_line' id='line_1_15' title="bbox 141 1461 892 1546; baseline -0.001 -20"><span class='ocrx_word' id='word_1_79' title='bbox 141 1463 185 1526; x_wconf 84' lang='lat' dir='ltr'>Et</span> <span class='ocrx_word' id='word_1_80' title='bbox 207 1462 263 1546; x_wconf 89' lang='lat' dir='ltr'>qni</span> <span class='ocrx_word' id='word_1_81' title='bbox 284 1463 406 1543; x_wconf 88' lang='lat' dir='ltr'>primus</span> <span class='ocrx_word' id='word_1_82' title='bbox 427 1461 526 1526; x_wconf 91' lang='lat' dir='ltr'>humo</span> <span class='ocrx_word' id='word_1_83' title='bbox 549 1464 665 1545; x_wconf 86' lang='lat' dir='ltr'>pressit</span> <span class='ocrx_word' id='word_1_84' title='bbox 686 1466 792 1525; x_wconf 88' lang='lat' dir='ltr'>aratra</span> <span class='ocrx_word' id='word_1_85' title='bbox 812 1484 892 1545; x_wconf 93' lang='lat' dir='ltr'>puer</span> 
     </span>
     <span class='ocr_line' id='line_1_16' title="bbox 99 1545 1128 1628; baseline -0.002 -19"><span class='ocrx_word' id='word_1_86' title='bbox 99 1549 182 1609; x_wconf 85' lang='lat' dir='ltr'>Aras</span> <span class='ocrx_word' id='word_1_87' title='bbox 203 1545 378 1609; x_wconf 79' lang='lat' dir='ltr'>Paeoniam</span> <span class='ocrx_word' id='word_1_88' title='bbox 400 1546 516 1608; x_wconf 90' lang='lat' dir='ltr'>meruit</span> <span class='ocrx_word' id='word_1_89' title='bbox 537 1545 695 1610; x_wconf 89' lang='lat' dir='ltr'>medicina</span> <span class='ocrx_word' id='word_1_90' title='bbox 716 1567 774 1628; x_wconf 91' lang='lat' dir='ltr'>per</span> <span class='ocrx_word' id='word_1_91' title='bbox 796 1550 912 1628; x_wconf 81' lang='lat' dir='ltr'>artem3</span> <span class='ocrx_word' id='word_1_92' title='bbox 1035 1559 1067 1608; x_wconf 76' lang='lat'>75</span> <span class='ocrx_word' id='word_1_93' title='bbox 1110 1552 1128 1570; x_wconf 64' lang='lat'>²</span> 
     </span>
     <span class='ocr_line' id='line_1_17' title="bbox 141 1628 769 1694; baseline -0.002 0"><span class='ocrx_word' id='word_1_94' title='bbox 141 1629 258 1694; x_wconf 82' lang='lat' dir='ltr'>Factus</span> <span class='ocrx_word' id='word_1_95' title='bbox 281 1633 313 1692; x_wconf 89' lang='lat' dir='ltr'>et</span> <span class='ocrx_word' id='word_1_96' title='bbox 334 1628 463 1693; x_wconf 78' lang='lat' dir='ltr'>Alcides</span> <span class='ocrx_word' id='word_1_97' title='bbox 484 1629 654 1694; x_wconf 84' lang='lat' dir='ltr'>nobilitate</span> <span class='ocrx_word' id='word_1_98' title='bbox 676 1629 769 1693; x_wconf 87' lang='lat' dir='ltr'>deus:</span> 
     </span>
     <span class='ocr_line' id='line_1_18' title="bbox 100 1714 1051 1799; baseline 0.002 -21"><span class='ocrx_word' id='word_1_99' title='bbox 100 1714 150 1779; x_wconf 84' lang='lat' dir='ltr'>Tu</span> <span class='ocrx_word' id='word_1_100' title='bbox 171 1736 314 1798; x_wconf 86' lang='lat' dir='ltr'>quoquc,</span> <span class='ocrx_word' id='word_1_101' title='bbox 336 1714 478 1799; x_wconf 84' lang='lat' dir='ltr'>legiferis</span> <span class='ocrx_word' id='word_1_102' title='bbox 499 1714 655 1779; x_wconf 90' lang='lat' dir='ltr'>mundum</span> <span class='ocrx_word' id='word_1_103' title='bbox 677 1714 844 1798; x_wconf 86' lang='lat' dir='ltr'>complexa</span> <span class='ocrx_word' id='word_1_104' title='bbox 864 1715 1051 1799; x_wconf 86' lang='lat' dir='ltr'>triumphis,</span> 
     </span>
     <span class='ocr_line' id='line_1_19' title="bbox 143 1799 846 1864; baseline -0.001 0"><span class='ocrx_word' id='word_1_105' title='bbox 143 1799 285 1864; x_wconf 86' lang='lat' dir='ltr'>Foedere</span> <span class='ocrx_word' id='word_1_106' title='bbox 308 1800 471 1863; x_wconf 89' lang='lat' dir='ltr'>communi</span> <span class='ocrx_word' id='word_1_107' title='bbox 492 1800 600 1864; x_wconf 86' lang='lat' dir='ltr'>vivere</span> <span class='ocrx_word' id='word_1_108' title='bbox 622 1803 737 1864; x_wconf 87' lang='lat' dir='ltr'>cuncta</span> <span class='ocrx_word' id='word_1_109' title='bbox 758 1799 846 1864; x_wconf 85' lang='lat' dir='ltr'>facis.</span> 
     </span>
     <span class='ocr_line' id='line_1_20' title="bbox 99 1883 975 1969; baseline 0 -21"><span class='ocrx_word' id='word_1_110' title='bbox 99 1884 160 1967; x_wconf 79' lang='lat' dir='ltr'>Te,</span> <span class='ocrx_word' id='word_1_111' title='bbox 184 1884 256 1967; x_wconf 85' lang='lat' dir='ltr'>dea,</span> <span class='ocrx_word' id='word_1_112' title='bbox 279 1886 311 1947; x_wconf 91' lang='lat' dir='ltr'>te</span> <span class='ocrx_word' id='word_1_113' title='bbox 333 1884 473 1949; x_wconf 74' lang='lat' dir='ltr'>celebrat</span> <span class='ocrx_word' id='word_1_114' title='bbox 493 1883 658 1950; x_wconf 90' lang='lat' dir='ltr'>Romanus</span> <span class='ocrx_word' id='word_1_115' title='bbox 680 1885 799 1967; x_wconf 89' lang='lat' dir='ltr'>ubique</span> <span class='ocrx_word' id='word_1_116' title='bbox 820 1905 975 1969; x_wconf 82' lang='lat' dir='ltr'>recessus,</span> 
     </span>
     <span class='ocr_line' id='line_1_21' title="bbox 141 1968 1067 2054; baseline -0.001 -22"><span class='ocrx_word' id='word_1_117' title='bbox 141 1969 342 2052; x_wconf 90' lang='lat' dir='ltr'>Pacificeque</span> <span class='ocrx_word' id='word_1_118' title='bbox 364 1969 449 2054; x_wconf 84' lang='lat' dir='ltr'>gerit</span> <span class='ocrx_word' id='word_1_119' title='bbox 469 1968 573 2034; x_wconf 90' lang='lat' dir='ltr'>libera</span> <span class='ocrx_word' id='word_1_120' title='bbox 594 1970 678 2035; x_wconf 86' lang='lat' dir='ltr'>colla</span> <span class='ocrx_word' id='word_1_121' title='bbox 699 1970 786 2054; x_wconf 85' lang='lat' dir='ltr'>iugo.</span> <span class='ocrx_word' id='word_1_122' title='bbox 1034 1982 1067 2031; x_wconf 81' lang='lat' dir='ltr'>eo</span> 
     </span>
     <span class='ocr_line' id='line_1_22' title="bbox 101 2050 901 2138; baseline 0.004 -23"><span class='ocrx_word' id='word_1_123' title='bbox 101 2050 218 2117; x_wconf 90' lang='lat' dir='ltr'>Omnia</span> <span class='ocrx_word' id='word_1_124' title='bbox 238 2056 393 2138; x_wconf 87' lang='lat' dir='ltr'>perpetuo</span> <span class='ocrx_word' id='word_1_125' title='bbox 417 2076 498 2137; x_wconf 90' lang='lat' dir='ltr'>quae</span> <span class='ocrx_word' id='word_1_126' title='bbox 521 2058 650 2118; x_wconf 84' lang='lat' dir='ltr'>servant</span> <span class='ocrx_word' id='word_1_127' title='bbox 670 2054 775 2118; x_wconf 89' lang='lat' dir='ltr'>sidera</span> <span class='ocrx_word' id='word_1_128' title='bbox 796 2058 901 2136; x_wconf 75' lang='lat' dir='ltr'>motU,</span> 
     </span>
     <span class='ocr_line' id='line_1_23' title="bbox 141 2137 834 2222; baseline 0.004 -22"><span class='ocrx_word' id='word_1_129' title='bbox 141 2137 276 2202; x_wconf 91' lang='lat' dir='ltr'>Nullum</span> <span class='ocrx_word' id='word_1_130' title='bbox 297 2137 448 2203; x_wconf 85' lang='lat' dir='ltr'>viderunt</span> <span class='ocrx_word' id='word_1_131' title='bbox 468 2139 633 2222; x_wconf 86' lang='lat' dir='ltr'>pulchrius</span> <span class='ocrx_word' id='word_1_132' title='bbox 655 2138 834 2222; x_wconf 88' lang='lat' dir='ltr'>imperium.</span> 
     </span>
     <span class='ocr_line' id='line_1_24' title="bbox 101 2219 961 2308; baseline 0.002 -23"><span class='ocrx_word' id='word_1_133' title='bbox 101 2219 184 2296; x_wconf 80' lang='lat' dir='ltr'>Quid</span> <span class='ocrx_word' id='word_1_134' title='bbox 206 2223 309 2287; x_wconf 89' lang='lat' dir='ltr'>simile</span> <span class='ocrx_word' id='word_1_135' title='bbox 331 2224 472 2307; x_wconf 85' lang='lat' dir='ltr'>Assyriis</span> <span class='ocrx_word' id='word_1_136' title='bbox 494 2228 660 2289; x_wconf 81' lang='lat' dir='ltr'>conectere</span> <span class='ocrx_word' id='word_1_137' title='bbox 682 2223 820 2308; x_wconf 84' lang='lat' dir='ltr'>contigit</span> <span class='ocrx_word' id='word_1_138' title='bbox 841 2224 961 2288; x_wconf 82' lang='lat' dir='ltr'>armis?</span> 
     </span>
     <span class='ocr_line' id='line_1_25' title="bbox 141 2306 808 2373; baseline 0 -2"><span class='ocrx_word' id='word_1_139' title='bbox 141 2306 228 2371; x_wconf 90' lang='lat' dir='ltr'>Medi</span> <span class='ocrx_word' id='word_1_140' title='bbox 250 2308 405 2372; x_wconf 86' lang='lat' dir='ltr'>finitimos</span> <span class='ocrx_word' id='word_1_141' title='bbox 427 2308 640 2373; x_wconf 89' lang='lat' dir='ltr'>condomuere</span> <span class='ocrx_word' id='word_1_142' title='bbox 662 2330 757 2372; x_wconf 73' lang='lat' dir='ltr'>suos:</span> <span class='ocrx_word' id='word_1_143' title='bbox 807 2340 808 2343; x_wconf 37' lang='lat'>¹</span> 
     </span>
     <span class='ocr_line' id='line_1_26' title="bbox 99 2391 1064 2539; baseline -0.002 -84"><span class='ocrx_word' id='word_1_144' title='bbox 99 2391 211 2539; x_wconf 55' lang='lat' dir='ltr'>Meffini</span> <span class='ocrx_word' id='word_1_145' title='bbox 233 2391 428 2457; x_wconf 89' lang='lat' dir='ltr'>Parthorum</span> <span class='ocrx_word' id='word_1_146' title='bbox 449 2413 541 2478; x_wconf 82' lang='lat' dir='ltr'>reges</span> <span class='ocrx_word' id='word_1_147' title='bbox 563 2392 787 2476; x_wconf 88' lang='lat' dir='ltr'>Macetumque</span> <span class='ocrx_word' id='word_1_148' title='bbox 808 2394 939 2476; x_wconf 83' lang='lat' dir='ltr'>tyranni</span> <span class='ocrx_word' id='word_1_149' title='bbox 1031 2405 1064 2454; x_wconf 80' lang='lat'>85</span> 
     </span>
     <span class='ocr_line' id='line_1_27' title="bbox 177 2477 803 2561; baseline 0.002 -21"><span class='ocrx_word' id='word_1_150' title='bbox 177 2482 256 2541; x_wconf 90' lang='lat' dir='ltr'>utua</span> <span class='ocrx_word' id='word_1_151' title='bbox 276 2499 334 2561; x_wconf 92' lang='lat' dir='ltr'>per</span> <span class='ocrx_word' id='word_1_152' title='bbox 355 2478 459 2542; x_wconf 85' lang='lat' dir='ltr'>varies</span> <span class='ocrx_word' id='word_1_153' title='bbox 481 2478 552 2541; x_wconf 92' lang='lat' dir='ltr'>iura</span> <span class='ocrx_word' id='word_1_154' title='bbox 574 2477 687 2542; x_wconf 90' lang='lat' dir='ltr'>dedere</span> <span class='ocrx_word' id='word_1_155' title='bbox 709 2478 803 2542; x_wconf 86' lang='lat' dir='ltr'>vices.</span> 
     </span>
     <span class='ocr_line' id='line_1_28' title="bbox 99 2557 969 2646; baseline 0.005 -25"><span class='ocrx_word' id='word_1_156' title='bbox 99 2557 168 2622; x_wconf 85' lang='lat' dir='ltr'>Nec</span> <span class='ocrx_word' id='word_1_157' title='bbox 188 2561 248 2625; x_wconf 84' lang='lat' dir='ltr'>tibi</span> <span class='ocrx_word' id='word_1_158' title='bbox 269 2563 415 2627; x_wconf 88' lang='lat' dir='ltr'>nascenti</span> <span class='ocrx_word' id='word_1_159' title='bbox 436 2562 544 2646; x_wconf 87' lang='lat' dir='ltr'>plures</span> <span class='ocrx_word' id='word_1_160' title='bbox 567 2562 756 2646; x_wconf 89' lang='lat' dir='ltr'>animaeque</span> <span class='ocrx_word' id='word_1_161' title='bbox 778 2583 969 2645; x_wconf 86' lang='lat' dir='ltr'>manusque,</span> 
     </span>
     <span class='ocr_line' id='line_1_29' title="bbox 144 2641 736 2731; baseline 0.012 -26"><span class='ocrx_word' id='word_1_162' title='bbox 144 2641 207 2706; x_wconf 79' lang='lat' dir='ltr'>Sed</span> <span class='ocrx_word' id='word_1_163' title='bbox 228 2646 299 2727; x_wconf 88' lang='lat' dir='ltr'>plus</span> <span class='ocrx_word' id='word_1_164' title='bbox 321 2648 448 2713; x_wconf 87' lang='lat' dir='ltr'>consilii</span> <span class='ocrx_word' id='word_1_165' title='bbox 470 2647 643 2731; x_wconf 92' lang='lat' dir='ltr'>iudiciique</span> <span class='ocrx_word' id='word_1_166' title='bbox 664 2646 736 2712; x_wconf 86' lang='lat' dir='ltr'>fuit.</span> 
     </span>
     <span class='ocr_line' id='line_1_30' title="bbox 100 2727 843 2816; baseline 0.007 -26"><span class='ocrx_word' id='word_1_167' title='bbox 100 2727 198 2791; x_wconf 87' lang='lat' dir='ltr'>Iustis</span> <span class='ocrx_word' id='word_1_168' title='bbox 219 2728 376 2796; x_wconf 85' lang='lat' dir='ltr'>bellorum</span> <span class='ocrx_word' id='word_1_169' title='bbox 399 2733 502 2797; x_wconf 87' lang='lat' dir='ltr'>causis</span> <span class='ocrx_word' id='word_1_170' title='bbox 524 2754 584 2797; x_wconf 89' lang='lat' dir='ltr'>nec</span> <span class='ocrx_word' id='word_1_171' title='bbox 605 2753 683 2816; x_wconf 90' lang='lat' dir='ltr'>pace</span> <span class='ocrx_word' id='word_1_172' title='bbox 706 2732 843 2815; x_wconf 87' lang='lat' dir='ltr'>superba</span> 
     </span>
     <span class='ocr_line' id='line_1_31' title="bbox 141 2811 1066 2903; baseline 0.001 -27"><span class='ocrx_word' id='word_1_173' title='bbox 141 2811 269 2876; x_wconf 90' lang='lat' dir='ltr'>Nobilis</span> <span class='ocrx_word' id='word_1_174' title='bbox 291 2816 331 2878; x_wconf 91' lang='lat' dir='ltr'>ad</span> <span class='ocrx_word' id='word_1_175' title='bbox 352 2839 490 2883; x_wconf 87' lang='lat' dir='ltr'>summas</span> <span class='ocrx_word' id='word_1_176' title='bbox 512 2818 617 2903; x_wconf 83' lang='lat' dir='ltr'>gloria</span> <span class='ocrx_word' id='word_1_177' title='bbox 638 2817 728 2882; x_wconf 87' lang='lat' dir='ltr'>venit</span> <span class='ocrx_word' id='word_1_178' title='bbox 750 2838 836 2900; x_wconf 88' lang='lat' dir='ltr'>opes.</span> <span class='ocrx_word' id='word_1_179' title='bbox 1033 2829 1066 2878; x_wconf 79' lang='lat' dir='ltr'>co</span> 
     </span>
     <span class='ocr_line' id='line_1_32' title="bbox 32 2895 1064 2993; baseline 0.003 -32"><span class='ocrx_word' id='word_1_180' title='bbox 32 2954 44 2987; x_wconf 67' lang='lat' dir='ltr'>r</span> <span class='ocrx_word' id='word_1_181' title='bbox 101 2895 194 2972; x_wconf 80' lang='lat' dir='ltr'>Quod</span> <span class='ocrx_word' id='word_1_182' title='bbox 214 2917 329 2993; x_wconf 77' lang='lat' dir='ltr'>regnas</span> <span class='ocrx_word' id='word_1_183' title='bbox 348 2901 454 2966; x_wconf 90' lang='lat' dir='ltr'>minus</span> <span class='ocrx_word' id='word_1_184' title='bbox 475 2906 524 2966; x_wconf 86' lang='lat' dir='ltr'>est</span> <span class='ocrx_word' id='word_1_185' title='bbox 544 2924 640 2986; x_wconf 91' lang='lat' dir='ltr'>quam</span> <span class='ocrx_word' id='word_1_186' title='bbox 661 2902 748 2986; x_wconf 89' lang='lat' dir='ltr'>quod</span> <span class='ocrx_word' id='word_1_187' title='bbox 766 2923 901 2987; x_wconf 86' lang='lat' dir='ltr'>regnare</span> <span class='ocrx_word' id='word_1_188' title='bbox 915 2903 1064 2966; x_wconf 88' lang='lat' dir='ltr'>mereris:</span> 
     </span>
     <span class='ocr_line' id='line_1_33' title="bbox 142 2981 733 3070; baseline 0.008 -25"><span class='ocrx_word' id='word_1_189' title='bbox 142 2981 278 3046; x_wconf 83' lang='lat' dir='ltr'>Excedrs</span> <span class='ocrx_word' id='word_1_190' title='bbox 300 2981 393 3048; x_wconf 85' lang='lat' dir='ltr'>factis</span> <span class='ocrx_word' id='word_1_191' title='bbox 415 2986 550 3070; x_wconf 86' lang='lat' dir='ltr'>grandia</span> <span class='ocrx_word' id='word_1_192' title='bbox 570 2987 638 3052; x_wconf 86' lang='lat' dir='ltr'>fate</span> <span class='ocrx_word' id='word_1_193' title='bbox 658 2988 733 3051; x_wconf 76' lang='lat' dir='ltr'>tiis.</span> 
     </span>
     <span class='ocr_line' id='line_1_34' title="bbox 99 3067 932 3155; baseline 0.007 -25"><span class='ocrx_word' id='word_1_194' title='bbox 99 3067 292 3131; x_wconf 89' lang='lat' dir='ltr'>Percensere</span> <span class='ocrx_word' id='word_1_195' title='bbox 314 3067 406 3132; x_wconf 86' lang='lat' dir='ltr'>labor</span> <span class='ocrx_word' id='word_1_196' title='bbox 428 3069 533 3134; x_wconf 88' lang='lat' dir='ltr'>densis</span> <span class='ocrx_word' id='word_1_197' title='bbox 556 3071 670 3136; x_wconf 87' lang='lat' dir='ltr'>decora</span> <span class='ocrx_word' id='word_1_198' title='bbox 691 3072 756 3136; x_wconf 89' lang='lat' dir='ltr'>alta</span> <span class='ocrx_word' id='word_1_199' title='bbox 777 3072 932 3155; x_wconf 81' lang='lat' dir='ltr'>tropaeis,</span> 
     </span>
     <span class='ocr_line' id='line_1_35' title="bbox 143 3152 895 3236; baseline 0.005 -19"><span class='ocrx_word' id='word_1_200' title='bbox 143 3152 190 3217; x_wconf 88' lang='lat' dir='ltr'>Vt</span> <span class='ocrx_word' id='word_1_201' title='bbox 211 3152 311 3236; x_wconf 88' lang='lat' dir='ltr'>siquis</span> <span class='ocrx_word' id='word_1_202' title='bbox 334 3153 442 3217; x_wconf 86' lang='lat' dir='ltr'>stellas</span> <span class='ocrx_word' id='word_1_203' title='bbox 464 3176 688 3236; x_wconf 89' lang='lat' dir='ltr'>pernumerare</span> <span class='ocrx_word' id='word_1_204' title='bbox 711 3156 798 3221; x_wconf 86' lang='lat' dir='ltr'>velit.</span> <span class='ocrx_word' id='word_1_205' title='bbox 882 3161 895 3230; x_wconf 43' lang='lat'>¹,</span> 
     </span>
     <span class='ocr_line' id='line_1_36' title="bbox 101 3235 1064 3323; baseline -0.001 -22"><span class='ocrx_word' id='word_1_206' title='bbox 101 3235 375 3322; x_wconf 79' lang='lat' dir='ltr'>Confunduntque</span> <span class='ocrx_word' id='word_1_207' title='bbox 397 3259 496 3323; x_wconf 84' lang='lat' dir='ltr'>vagos</span> <span class='ocrx_word' id='word_1_208' title='bbox 519 3238 650 3304; x_wconf 90' lang='lat' dir='ltr'>delubra</span> <span class='ocrx_word' id='word_1_209' title='bbox 671 3241 823 3306; x_wconf 87' lang='lat' dir='ltr'>micantia</span> <span class='ocrx_word' id='word_1_210' title='bbox 843 3242 946 3306; x_wconf 86' lang='lat' dir='ltr'>visus:</span> <span class='ocrx_word' id='word_1_211' title='bbox 1032 3252 1064 3300; x_wconf 83' lang='lat'>95</span> 
     </span>
     <span class='ocr_line' id='line_1_37' title="bbox 142 3321 849 3404; baseline 0.006 -19"><span class='ocrx_word' id='word_1_212' title='bbox 142 3321 232 3404; x_wconf 90' lang='lat' dir='ltr'>Ipsos</span> <span class='ocrx_word' id='word_1_213' title='bbox 254 3323 442 3387; x_wconf 90' lang='lat' dir='ltr'>crediderim</span> <span class='ocrx_word' id='word_1_214' title='bbox 463 3323 512 3387; x_wconf 90' lang='lat' dir='ltr'>sic</span> <span class='ocrx_word' id='word_1_215' title='bbox 533 3323 677 3389; x_wconf 80' lang='lat' dir='ltr'>habitare</span> <span class='ocrx_word' id='word_1_216' title='bbox 700 3325 785 3391; x_wconf 89' lang='lat' dir='ltr'>deos.</span> <span class='ocrx_word' id='word_1_217' title='bbox 848 3396 849 3400; x_wconf 39' lang='lat'>,</span> 
     </span>
     <span class='ocr_line' id='line_1_38' title="bbox 102 3402 894 3493; baseline 0.008 -25"><span class='ocrx_word' id='word_1_218' title='bbox 102 3402 185 3479; x_wconf 82' lang='lat' dir='ltr'>Quid</span> <span class='ocrx_word' id='word_1_219' title='bbox 206 3407 319 3491; x_wconf 91' lang='lat' dir='ltr'>loquar</span> <span class='ocrx_word' id='word_1_220' title='bbox 341 3409 427 3473; x_wconf 88' lang='lat' dir='ltr'>acrio</span> <span class='ocrx_word' id='word_1_221' title='bbox 449 3409 625 3492; x_wconf 87' lang='lat' dir='ltr'>pendentes</span> <span class='ocrx_word' id='word_1_222' title='bbox 647 3409 771 3476; x_wconf 86' lang='lat' dir='ltr'>fornice</span> <span class='ocrx_word' id='word_1_223' title='bbox 792 3412 894 3493; x_wconf 86' lang='lat' dir='ltr'>rivos,</span> 
     </span>
     <span class='ocr_line' id='line_1_39' title="bbox 144 3488 865 3578; baseline 0.007 -25"><span class='ocrx_word' id='word_1_224' title='bbox 144 3488 214 3564; x_wconf 76' lang='lat' dir='ltr'>Qua</span> <span class='ocrx_word' id='word_1_225' title='bbox 234 3492 289 3556; x_wconf 85' lang='lat' dir='ltr'>vix</span> <span class='ocrx_word' id='word_1_226' title='bbox 310 3493 490 3558; x_wconf 85' lang='lat' dir='ltr'>imbriferas</span> <span class='ocrx_word' id='word_1_227' title='bbox 512 3494 640 3559; x_wconf 91' lang='lat' dir='ltr'>tolleret</span> <span class='ocrx_word' id='word_1_228' title='bbox 660 3495 721 3560; x_wconf 83' lang='lat' dir='ltr'>Iris</span> <span class='ocrx_word' id='word_1_229' title='bbox 743 3494 865 3578; x_wconf 79' lang='lat' dir='ltr'>aquas?</span> 
     </span>
    </p>
   </div>
   <div class='ocr_carea' id='block_1_3' title="bbox 836 3612 874 3661">
    <p class='ocr_par' dir='ltr' id='par_1_3' title="bbox 836 3612 874 3661">
     <span class='ocr_line' id='line_1_40' title="bbox 836 3612 874 3661; baseline 0 -18"><span class='ocrx_word' id='word_1_230' title='bbox 836 3612 874 3661; x_wconf 48' lang='lat' dir='ltr'>x*</span> 
     </span>
    </p>
   </div>
   <div class='ocr_carea' id='block_1_4' title="bbox 0 0 1198 3984">
    <p class='ocr_par' dir='ltr' id='par_1_4' title="bbox 0 0 1198 3984">
     <span class='ocr_line' id='line_1_41' title="bbox 0 0 1198 3984; baseline 0 0"><span class='ocrx_word' id='word_1_231' title='bbox 0 0 1198 3984; x_wconf 95' lang='lat' dir='ltr'> </span> 
     </span>
    </p>
   </div>
  </div>
 </body>
</html>
