2386 3984
393 705 776 788 PRAEFATIO.

165 1099 323 1188 Claudius
358 1116 497 1183 Rutilius
533 1116 761 1201 Namatianus‚
804 1115 842 1180 de
882 1137 945 1199 quo
982 1114 1064 1179 nihil

102 1206 196 1270 nobis
217 1210 344 1273 constat
365 1207 443 1271 certi
464 1207 527 1271 nisi
550 1229 630 1290 quae
653 1206 846 1273 carminibus
867 1204 932 1269 suis
946 1225 1064 1269 memo-

101 1290 201 1374 ravit,
229 1295 319 1375 patre
348 1296 436 1357 ortus
463 1292 678 1357 illustrissimo
709 1295 742 1356 et
768 1289 971 1377 amplissimis
996 1289 1064 1372 ipse

100 1376 232 1441 functus
264 1376 440 1440 honoribus
468 1415 509 1423 —
535 1400 611 1440 nam
644 1381 676 1440 ct
707 1376 939 1459 praefecturam
966 1375 1065 1459 gessit

101 1460 189 1524 urbis
220 1498 257 1505 —
286 1483 314 1524 a.
342 1483 373 1524 u.
402 1483 427 1525 c.
456 1459 674 1525 MOLXVHII
706 1462 741 1524 in
768 1461 918 1542 Galliam,
952 1482 969 1523 c
1002 1481 1065 1544 qua

103 1547 192 1609 ortus
220 1548 289 1609 erat
315 1549 414 1628 terra,
443 1549 512 1609 tum
539 1546 692 1629 temporis
720 1568 739 1609 a
765 1543 880 1609 Gothis
909 1547 1065 1611 vastatam

103 1627 212 1713 rediit,
235 1629 325 1696 ouius
339 1629 464 1697 itineris
479 1631 666 1696 memoriam
681 1631 803 1696 duobus
818 1629 909 1694 libris
924 1629 1064 1715 elegiaco

101 1717 203 1781 metro
233 1714 360 1798 scriptis
387 1716 592 1800 propagavit,
621 1738 638 1781 e
665 1717 781 1801 quibus
808 1719 917 1780 tamen
941 1719 1065 1798 partem

102 1798 261 1884 quandam
289 1801 406 1883 prioris
435 1824 507 1865 cum
536 1801 633 1886 longe
660 1801 780 1866 maiore
809 1799 939 1866 secundi
970 1799 1064 1865 nobis

101 1884 218 1950 invidit
243 1885 383 1951 fortuna.
412 1925 452 1934 —-
480 1885 557 1951 Fuit
588 1886 685 1951 homo
717 1886 891 1952 liberaliter
922 1884 1066 1950 eruditus

102 1970 293 2054 optimisque
320 1974 488 2054 poetarum
516 1971 668 2055 exemplis
695 1971 886 2055 innutritus,
918 1969 952 2034 id
979 1969 1065 2054 quod

103 2058 135 2120 ct
155 2057 311 2120 sermonis
325 2057 506 2123 urbanitate
520 2079 578 2122 nec
593 2058 699 2122 minus
715 2057 876 2142 elegantia
889 2059 1064 2121 metrorum

101 2141 423 2290 saltatura
445 2141 533 2310 llll
547 2140 1066 2293 affltnllclt‘mihlimlatl

102 2310 178 2374 satis
193 2310 295 2377 felicis
302 2275 410 2376 'venae
430 2310 494 2376 fuit
507 2312 651 2395 poeticae
672 2333 732 2378 nec
753 2312 878 2378 fucatae
900 2311 1064 2376 rhetorum

102 2396 282 2481 praestigiis
296 2399 450 2480 appetens
466 2397 619 2462 orationis
631 2400 741 2482 (quam
753 2397 913 2463 tamenab
929 2396 1064 2480 optimo·

102 2500 174 2542 rum
194 2481 392 2546 saeculorum
413 2481 617 2564 simplicitate
637 2481 783 2546 recedere
803 2481 880 2566 quid
899 2481 1063 2565 mirum‘l).

104 2560 226 2645 Quippe
248 2565 341 2631 facile
364 2587 518 2652 agnosces
540 2568 657 2632 sentire
680 2589 753 2630 eum
774 2589 856 2652 quac
880 2566 979 2650 dicat,
1000 2588 1063 2631 me-

101 2668 224 2711 morem
248 2649 418 2717 Horatiani
449 2652 535 2717 illius
564 2653 725 2736 praecepti
753 2652 791 2716 ‘si
819 2653 870 2717 vis
896 2675 947 2719 rne
977 2652 1062 2736 flere,

102 2731 305 2799 dolendumst
330 2737 470 2818 primurn
501 2737 564 2821 ipsi
590 2737 677 2821 tibi,’
706 2759 779 2803 cum
807 2738 885 2807 alias
911 2741 980 2802 tum
1007 2737 1063 2802 ubi

101 2816 238 2900 Romae,
266 2832 348 2902 quse
373 2822 481 2905 paullo
511 2826 585 2888 ante
613 2824 653 2888 ab
675 2823 804 2888 Alarico
833 2827 902 2889 crat
928 2821 1061 2906 direpta,

101 2924 193 2975 casus
217 2908 388 2989 memorat3
417 2907 533 2990 quibus
559 2908 649 2975 lectis
672 2909 727 2991 qui
752 2931 820 2978 non
843 2907 1062 2973 vehementius

101 2988 369 3073 commovebitur,
402 2990 510 3056 siliceo
543 2993 636 3059 corde
666 2993 829 3077 praeditus
855 2993 899 3058 sit
925 3015 945 3059 o
989 2995 1061 3056 rtet.

100 3071 263 3173 Religioni
279 3078 385 3141 autem
403 3074 546 3141 addictus
567 3077 631 3143 fuit
650 3101 868 3164 paganorum,
887 3101 933 3145 un
992 3098 1062 3160 pes·

23 3207 26 3214 .
101 3181 161 3224 s1m
182 3182 217 3227 m
238 3159 373 3226 luaeos
401 3163 434 3225 et
456 3158 655 3228 Christianos
679 3164 851 3236 invehitur.
895 3163 944 3235 Ea
965 3161 1062 3226 etiam

102 3263 195 3311 causa
224 3246 426 3330 potissimum
454 3246 596 3316 evenisse
628 3252 753 3333 putem,
785 3251 823 3315 ut
851 3247 1062 3317 Stilichonem

102 3328 220 3410 proditi
235 3331 361 3415 imperii
376 3337 539 3418 argueret:
561 3333 612 3398 cui
627 3335 679 3400 vel
693 3335 808 3406 maiori
821 3333 918 3401 vatic
931 3332 1061 3419 probro,

102 3413 189 3498 quod
210 3413 367 3500 Sibyllina
389 3419 517 3485 oracula
542 3424 706 3486 cremarat.
