2386 3984
454 203 563 257 LIBER
583 201 728 258 PRIMVS.
1060 195 1082 258 9

112 367 276 432 Dicuntur
297 366 381 430 cives
404 366 566 449 quondam
585 366 724 450 migrare
746 364 848 429 coacti

156 451 302 514 Muribus
324 451 460 515 infestos
483 451 658 515 deseruisse
680 450 772 513 lares,
1030 461 1080 510 290

117 535 253 600 Credere
273 536 440 600 maluerim
461 535 640 621 Pygmaeae
662 534 779 598 damna
800 533 941 598 cohortis

156 620 201 684 Et
222 620 404 686 coniuratos
425 620 461 683 in
482 643 540 685 sua
560 620 646 684 bella
667 641 770 704 grues.

117 704 212 769 Haud
224 706 337 789 procul
351 705 428 769 hinc
443 706 564 789 petitur
583 706 729 790 signatus
750 704 789 768 ab
804 702 942 767 Hercule
956 706 1080 786 portus.

157 789 353 874 Vergentem
375 791 520 873 sequitur
541 790 669 854 mollior
691 811 768 853 aura
790 788 883 852 diem.

117 874 204 938 Inter
225 879 403 940 castromm
425 875 562 959 vestigia
583 896 687 938 sermo
709 874 826 938 retexit
1028 885 1079 933 295

156 957 310 1024 Sardoam
331 959 453 1042 Lepido
475 959 706 1044 praecipitante
726 959 848 1044 fugam.

115 1043 241 1108 Littore
262 1066 402 1128 namque
426 1044 526 1110 Ossae
549 1049 704 1130 cognatos
726 1043 849 1126 depulit
870 1042 979 1107 hostes

134 1202 135 1206 η
155 1129 317 1194 Virtutem
340 1130 447 1194 Catuli
467 1129 573 1195 Roma
594 1132 703 1194 secuta
725 1128 823 1193 ducis.

113 1213 173 1278 Ille
195 1218 304 1279 tamen
318 1213 458 1298 Lepidus
480 1215 586 1298 peior,
609 1213 756 1279 civilibus
778 1214 875 1278 armis

157 1297 219 1373 Qui
241 1300 342 1384 gessit
364 1300 458 1364 sociis
481 1301 580 1383 impia
601 1300 686 1364 bella
706 1299 824 1363 tribus:
1028 1310 1080 1358 300

113 1381 177 1457 Qui
197 1384 379 1448 libertatem
399 1383 576 1448 Mutinensi
590 1384 694 1448 Marte
715 1387 875 1466 receptam

159 1466 275 1531 Obruit
296 1466 439 1549 auxiliis,
461 1469 540 1531 urbe
562 1472 715 1551 pavente,
737 1469 840 1531 110110.

113 1550 252 1615 Insidias
274 1551 346 1633 paci
367 1551 474 1614 moliri
495 1553 609 1615 tertius
632 1572 743 1634 ausus,

159 1634 318 1699 Tristibus
341 1636 466 1719 excepit
488 1658 634 1721 congrua·
651 1635 719 1699 fata
740 1636 813 1700 reis.

116 1717 270 1803 Quartus,
294 1719 449 1785 Caesareo
472 1720 548 1784 dum
569 1720 639 1786 vult
658 1721 805 1804 inrepere
826 1741 942 1805 regno,
1028 1735 1079 1783 305

156 1804 276 1869 Incesti
297 1827 435 1888 poenam
457 1807 555 1871 solvit
576 1806 733 1871 adulterii.
776 1858 787 1894 k

115 1889 211 1954 Nunc
227 1912 354 1974 quoque
368 1929 410 1937 —
426 1890 482 1954 sed
495 1892 610 1956 melius
625 1891 663 1955 de
678 1891 797 1956 nostris
811 1890 899 1955 fama
913 1894 1078 1975 queretur:

155 1975 255 2038 Iudex
276 1976 448 2058 posteritas
471 1976 595 2040 semina
616 1976 685 2040 dira
705 1979 805 2041 notet.

114 2058 309 2124 Nominibus
331 2064 434 2124 certos
457 2061 583 2125 credam
605 2060 770 2125 decurrere
791 2059 920 2125 mores?

157 2142 302 2208 Moribus
324 2166 367 2208 an
388 2145 496 2228 potius
517 2146 651 2210 nomina
673 2150 760 2210 certa
781 2144 873 2209 dari?
1028 2157 1080 2204 310

116 2226 278 2313 Quidquid
299 2229 332 2293 id
354 2233 416 2311 est,
439 2231 540 2294 mirus
561 2229 663 2294 Latiis
685 2230 854 2294 annalibus
877 2229 971 2313 ord0,

159 2311 252 2388 Quod
273 2313 432 2397 Lepidum
452 2315 549 2379 toties
571 2315 702 2380 reccidit
724 2337 799 2380 ense
821 2315 950 2379 malum,

113 2397 182 2462 Nec
205 2398 282 2462 dum
304 2399 454 2463 discussis
475 2400 590 2484 pelago
612 2400 828 2483 permittimur
849 2399 980 2464 umbris.

155 2482 260 2547 Natus
282 2485 389 2548 vicino
411 2485 530 2549 vertice
552 2488 667 2548 ventus
690 2485 788 2549 adest.

116 2562 270 2631 Tenditur
291 2569 326 2632 in
347 2569 468 2634 medias
489 2591 583 2634 mons
605 2569 819 2653 Argentarius
841 2567 942 2632 undas
1027 2580 1078 2628 315

158 2649 366 2737 Ancipitique
389 2656 467 2740 iugo
490 2653 616 2719 caerula
631 2676 728 2718 curva
748 2653 874 2736 premit.

112 2732 324 2800 Transversos
345 2740 443 2804 colles
464 2740 517 2804 bis
538 2739 638 2804 ternis
659 2738 788 2802 milibus
810 2740 908 2820 artat3

157 2816 300 2884 Circuitu
321 2825 415 2904 ponti
436 2829 486 2889 ter
507 2824 655 2890 duodena
675 2826 779 2907 patet:
919 2841 921 2845 ⁴

112 2901 224 2978 Qualis
245 2925 303 2987 per
325 2908 469 2990 geminos
491 2910 607 2974 fluctus
627 2909 810 2993 Ephyreius
830 2907 970 2973 Isthmos

153 2987 263 3054 Ionias
285 2989 400 3054 bimari
420 2992 529 3058 littore
551 2994 645 3058 findit
666 3016 774 3078 aquas.
1027 3005 1078 3052 320

112 3073 177 3137 Vix
200 3074 468 3140 circumvehimur
490 3099 618 3160 sparsae
640 3078 807 3162 dispendia
828 3078 934 3162 rupis3

153 3157 186 3223 N
187 3180 222 3223 eo
245 3160 376 3225 sinuosa
397 3161 489 3246 gravi
510 3166 596 3226 terra
616 3163 725 3228 labore
748 3166 850 3228 caret:

110 3239 279 3308 Mutantur
299 3245 396 3310 toties
418 3245 507 3309 vario
530 3247 704 3329 spiramina
725 3248 818 3312 flexu.

156 3325 241 3401 Quae
263 3330 359 3394 modo
382 3330 573 3414 profuerant
593 3330 679 3415 vela,
701 3337 833 3417 repente
855 3334 984 3397 nocent.

110 3407 248 3477 Eminus
268 3414 357 3500 Igilii
379 3416 500 3480 silvosa
521 3416 687 3481 cacumina
707 3419 821 3484 miror:
1025 3427 1076 3476 325

155 3494 256 3570 Quam
277 3500 424 3566 fraudare
446 3500 538 3565 nefas
558 3500 661 3567 laudis
683 3501 807 3569 honore
829 3522 914 3565 suae.
