2386 3984
518 211 665 268 FLORVS.
1034 209 1075 273 27

110 375 369 446 annumerandus
384 375 532 462 (eandem
547 376 644 440 etiam
654 375 834 441 deLueano
846 381 967 442 motam
982 399 1077 461 quae-

112 467 251 532 stionem
272 461 411 547 constat)
438 461 597 545 particula
618 461 774 544 quaedam
796 466 871 528 ante
894 483 996 526 annos
1018 465 1078 528 oir-

112 552 192 616 oiter
212 546 307 612 XXV
328 546 472 610 innotuit
493 546 572 630 quin
593 545 679 610 idem
701 547 744 611 sit
764 569 838 611 oum
851 546 950 612 Floro
972 551 1077 632 poeta,

111 632 269 704 Hadriani
290 631 393 696 amieo
414 630 482 715 illo,
505 631 595 695 ouius
617 634 729 696 extant
750 631 906 715 quaedam
928 632 1079 716 epistula-

112 743 185 784 rum
206 717 246 783 ad
266 717 493 800 imperatorem
515 715 660 780 aarum
681 717 845 800 reliquiae,
862 739 931 782 non
952 717 1079 782 videtur

112 825 205 890 posse
233 801 381 866 dubitari.
424 800 457 864 Is
486 801 587 886 igitrn
608 823 634 866 o.
658 823 687 866 a.
709 825 740 885 p.
764 800 839 868 Chr.
864 802 906 867 74
926 805 1025 866 natis
1043 804 1079 868 in

112 889 224 954 Africa
249 909 323 951 eum
349 907 449 970 puero
479 906 632 950 eoronam
658 886 694 949 in
716 887 889 951 certamine
909 891 1079 970 poetarum

110 974 181 1039 Iovi
203 971 386 1056 Capitolino
416 975 539 1036 sacrato
570 972 610 1036 ab
632 970 820 1036 Domitiano
841 975 974 1056 propter
996 973 1078 1036 invi-

111 1059 197 1124 diam
224 1057 425 1141 imperatoris
458 1056 584 1139 assequi
616 1078 685 1121 non
711 1057 854 1122 licuisset
884 1077 1078 1141 quamquam

111 1143 310 1229 efflagitante
331 1142 462 1226 populo,
484 1141 590 1207 taedio
613 1142 759 1225 repulsae
781 1141 884 1206 victus
905 1145 1076 1227 peragrato

112 1229 189 1294 orbe
209 1233 368 1292 terrarum
381 1226 511 1292 tandem
526 1227 561 1290 in
575 1225 734 1311 Hispania
748 1226 981 1291 Tarraoonensi
1003 1247 1078 1291 oon-

111 1315 194 1378 stitit
214 1313 323 1395 ibique
345 1310 456 1376 ludum
478 1335 497 1376 a
538 1312 611 1376 ruit.
656 1311 781 1377 Deinde
798 1311 935 1377 Romam
956 1331 1077 1397 regres-

111 1420 165 1464 sus
191 1398 228 1461 in
249 1396 423 1460 amicitiam
443 1335 601 1460 Hadriani
623 1397 679 1479 qui
706 1397 881 1479 plurimum
902 1397 984 1461 vixit
1005 1418 1078 1461 oum

110 1481 298 1547 hominibus
319 1479 468 1543 litteratis
483 1479 609 1544 videtur
629 1482 823 1563 pervenisse,
845 1482 908 1545 nisi
929 1503 1000 1545 eam
1013 1481 1078 1545 iam

112 1569 187 1631 ante
215 1586 288 1629 oum
314 1564 446 1629 homine
476 1585 515 1628 ex
542 1563 700 1647 Hispania
722 1585 824 1650 genus
846 1564 981 1629 ducente
1003 1587 1078 1630 oon-

112 1650 219 1715 traxit.
242 1687 284 1697 —
305 1647 368 1714 Sed
390 1648 476 1712 enim
497 1647 565 1713 fata
579 1648 669 1713 Fieri
692 1650 748 1732 qui
769 1649 857 1713 volet
879 1671 917 1713 ex
938 1653 1078 1714 traotatu

111 1736 168 1800 illo
197 1735 291 1800 obvio
320 1734 481 1819 plerisque
510 1738 691 1819 cognoscet.
735 1733 832 1798 Nune
855 1733 898 1798 ‘de
919 1735 1078 1818 poematis

110 1821 290 1903 videamus3
313 1841 390 1883 nam
410 1819 618 1883 historiarum
633 1819 668 1883 Τ.
684 1818 770 1883 Livii
792 1819 964 1904 epitomen,
981 1842 1077 1903 quam

110 1907 193 1971 liber
213 1904 463 1990 Bambergensis
492 1904 576 1968 Iulio
599 1903 707 1987 Floro,
729 1904 929 1969 Nazarianus
951 1902 988 1968 L.
1011 1906 1078 1968 An-

110 2012 192 2055 naeo
214 1989 311 2054 Floro
333 1989 456 2072 tribuit,
480 1989 541 2053 etsi
562 1989 658 2053 huius
681 2011 808 2073 quoque
831 1993 993 2054 auctorem
1013 1987 1078 2053 Ha-

112 2074 225 2138 driano
247 2073 413 2158 aequalem
434 2073 533 2138 fuisse
557 2078 691 2157 constat,
707 2074 849 2139 alienum
865 2096 932 2138 esse
948 2096 967 2138 a
981 2077 1079 2158 poeta

111 2158 206 2224 facile
228 2158 367 2223 adducor
387 2162 425 2222 ut
445 2159 580 2223 credam.
625 2157 775 2225 Ceterum
795 2158 969 2224 dolendum
991 2159 1079 2243 quod

111 2244 207 2308 huius
229 2246 296 2307 tam
317 2264 420 2326 pauca
440 2264 540 2326 eaque
563 2242 756 2309 dubitationi
784 2266 852 2308 non
873 2266 1004 2328 prorsus
1026 2265 1078 2308 ex-

111 2333 220 2413 empta
240 2331 390 2412 prostant
411 2328 561 2392 earmina.
605 2331 654 2394 Ao
675 2329 816 2413 primum
838 2328 967 2412 quidem
990 2332 1077 2393 oerto

112 2415 180 2479 eius
202 2434 271 2479 esse
293 2415 427 2497 apparet
448 2433 558 2476 versus
580 2413 665 2498 apud
687 2412 894 2498 Spartianum
916 2416 1077 2496 extantes3

111 2520 215 2582 neque
236 2499 311 2562 falsi
332 2497 483 2562 videntur
504 2519 572 2562 esse
594 2499 650 2581 qui
677 2502 881 2563 tetrametros
903 2505 984 2594 quos
1005 2520 1079 2582 pro·

112 2582 199 2646 ximo
224 2583 296 2648 loeo
324 2583 511 2648 exhibemus
540 2586 665 2647 servata
687 2582 877 2648 Salmasiani
899 2582 974 2646 lrbri
1003 2583 1078 2647 sori-

112 2670 208 2750 ptura
234 2667 269 2731 in
296 2690 360 2751 quo
388 2673 437 2733 est
467 2667 557 2732 Flori
586 2668 675 2754 (nam
709 2669 744 2732 in
771 2667 926 2731 Thuaneo
959 2667 1079 2766 legitur

112 2749 281 2834 ‘Floridi',
317 2775 398 2836 quae
426 2756 580 2837 sequente
608 2752 681 2816 ‘de'
711 2753 819 2816 evenit
844 2752 947 2837 labes)
976 2752 1079 2817 e1dem

112 2834 299 2900 adscribunt
323 2838 442 2902 Annio.
486 2837 572 2902 Nam
599 2841 632 2902 et
651 2839 805 2922 pleraque
827 2837 936 2902 omnia
959 2835 1078 2902 Salma-

112 2920 196 2986 siani
210 2919 328 2984 codicis
343 2923 484 2987 earmina
497 2923 652 2987 Afrorum
668 2927 743 2987 sunt
780 2927 933 2988 oetarum.
968 2921 1078 2985 Minus

112 3008 199 3071 oerta
216 3026 267 3069 res
288 3003 327 3068 de
352 3005 409 3069 illo
429 3012 603 3072 ‘venerunt
618 2946 790 3092 aliquando
810 3013 924 3073 rosae&
962 3005 1078 3082 Quam-

134 3113 210 3156 uam
237 3088 324 3174 quod
345 3088 481 3154 Rivinus
502 3113 561 3174 pro
590 3115 628 3158 eo
650 3093 736 3177 quod
759 3096 808 3158 est
828 3093 917 3158 Flori
939 3092 1077 3155 seriben-

113 3114 188 3240 dum
210 3197 279 3240 esse
299 3177 394 3259 putat
414 3174 453 3239 de
474 3174 633 3260 Floribus,
654 3177 914 3261 praeoedentium
936 3174 1077 3241 eiusdem

114 3259 296 3345 argumenti
311 3260 489 3325 carminum
502 3261 605 3325 titulis
621 3263 815 3328 confutatum
845 3262 890 3329 Ilt
903 3260 1076 3345 aliquando

113 3344 149 3407 in
177 3346 258 3411 libro
291 3343 490 3410 Salmasiano
525 3346 698 3411 eorundem
733 3352 899 3413 auctorum
936 3346 1079 3410 earmina

113 3427 212 3515 longo
233 3435 344 3496 extant
362 3430 534 3496 intervallo
555 3431 721 3516 dirempta.
751 3431 839 3508 Quae
854 3453 927 3496 eum
942 3431 987 3495 ita
1002 3431 1076 3514 sint,

113 3517 310 3597 poematium
332 3516 413 3580 illud
434 3516 533 3600 Flori,
556 3538 621 3600 quo
636 3521 720 3582 oerte
742 3539 810 3582 non
833 3521 882 3581 est
895 3516 1075 3602 indignum,
