2386 3984
459 197 683 256 HADRIANVS.

293 451 321 525 Ι.
365 449 536 524 AELIVS
563 447 854 523 HADRIANVS.

157 617 305 683 Videnda
327 639 408 703 quae
430 617 512 682 dixit
533 618 571 682 de
592 616 757 681 Hadriano
778 616 1005 703 Bernhardyus
1026 618 1059 682 h.

93 706 115 769 l.
143 703 179 769 L.
208 702 255 768 ed.
282 702 332 768 ΠΙ
364 724 440 788 pgg.
472 701 551 786 297,
578 703 608 767 8.
668 701 731 766 Hic
766 702 941 785 imperator
976 703 1061 768 inter

95 793 200 855 cetera
223 789 309 853 ritae
337 788 572 852 oblectamenta
599 787 696 851 etiam
723 787 868 852 versibus
894 788 1060 853 mediocri-

93 875 152 939 bus
174 873 298 938 Graeca
330 873 451 956 pariter
478 893 516 936 ac
537 871 654 936 Latina
680 872 793 957 lingua
819 873 945 957 scriptis
972 872 1059 937 haud

92 958 285 1025 mediocrem
301 979 432 1042 operam
446 957 627 1041 insumpsit.
657 956 734 1022 Fuit
753 957 839 1022 enirn
854 961 891 1023 ut
905 958 952 1022 ait
966 956 1060 1041 Spar-

92 1045 201 1108 tianus
224 1048 257 1108 et
276 1047 462 1126 poematum
483 1047 518 1107 et
538 1043 718 1107 litterarum
740 1043 900 1127 omniurn,
922 1043 1059 1107 maxime

93 1132 254 1213 veterum,
282 1128 548 1212 studiosissimus,
571 1149 648 1192 nam
670 1130 703 1191 et
724 1125 872 1193 Ciceroni
894 1127 1059 1212 Catonem,

95 1213 242 1299 Vergilio
257 1212 416 1297 Ennium,
433 1212 584 1278 Sallustio
601 1212 745 1278 (laelium
765 1213 927 1296 praetulit.
957 1211 1059 1277 Fuere
1134 1286 1141 1292 ‚

92 1302 200 1363 autem
228 1298 347 1381 scripta
374 1298 491 1362 diversi
519 1298 668 1446 generis,
702 1296 758 1362 scd
788 1298 914 1383 saepius
942 1298 1059 1363 tenuis.

92 1382 214 1448 Pueros
264 1404 323 1446 uos
353 1383 493 1447 habebat
540 1384 672 1447 clicatos
686 1419 688 1425 ·
703 1383 847 1448 versibus
880 1406 953 1448 cum
981 1383 1060 1448 cele·

93 1468 203 1531 brassc
267 1466 273 1479 ‘
318 1488 358 1531 ue
387 1468 544 1531 amatoria
573 1467 715 1530 carmina
741 1467 919 1533 condidisse
950 1472 1061 1533 narrat

96 1549 285 1635 Spartianus
326 1572 351 1614 c.
373 1549 492 1637 XHH}
538 1550 621 1626 Quid
643 1550 729 1633 quod
757 1551 893 1616 eundem
914 1553 989 1635 equi
1010 1553 1061 1618 sui

93 1635 233 1700 venatici
256 1636 307 1701 cui
322 1656 443 1700 nomen
458 1638 527 1699 erat
540 1634 736 1719 Borystheni
756 1637 881 1701 tumulo
904 1637 1060 1722 epigram-

94 1724 182 1785 mata
202 1722 242 1785 ab
265 1721 277 1784 i
300 1743 335 1786 so
358 1721 536 1805 composita
557 1721 762 1804 insculpsisse
785 1725 897 1786 auctor
919 1727 967 1787 est
986 1721 1060 1788 Oas-

94 1806 159 1870 sius
181 1803 244 1870 Dio
269 1743 445 1892 lixum,
470 1805 546 1893 llll?

299 1893 326 1955 1.
362 1912 422 1976 ego
444 1892 521 1956 nolo
543 1890 659 1956 Florus
682 1913 764 1976 esse,

360 1976 501 2040 amblare
522 1997 581 2059 per
600 1977 765 2061 tabernas,

362 2060 488 2125 latitare
509 2083 568 2144 per
588 2061 740 2144 popinas,

362 2146 478 2210 culices
499 2146 568 2230 pati
590 2146 757 2210 rutundos.

94 2225 284 2311 Spartianus
297 2229 333 2292 in
347 2231 415 2294 vita
427 2229 585 2295 Hadriani
608 2252 633 2295 c.
652 2231 706 2296 16:
728 2230 827 2296 Floro
849 2235 963 2316 poetae
985 2232 1060 2295 scri-

93 2313 185 2377 benti
212 2312 253 2377 ad
280 2334 313 2378 sc
342 2319 420 2400 ‘ego
448 2315 525 2380 nolo
548 2314 664 2380 Cacsar
689 2322 774 2380 esse'
798 2338 824 2381 e.
848 2339 879 2400 q.
903 2339 927 2382 s.
950 2317 1060 2381 rescri-

94 2399 169 2481 psit.
185 2435 227 2447 -
242 2396 283 2463 V.
298 2398 320 2463 2
343 2399 520 2463 ‘amblare’
544 2399 761 2485 Oasaubonus,
777 2401 817 2466 cf.
834 2401 863 2465 d.
879 2425 904 2466 r.
920 2423 962 2466 m.
978 2401 1059 2485 3663

94 2484 292 2547 ‘ambulare'
315 2507 345 2549 v.

221 2568 251 2632 2.
282 2570 419 2635 lascivus
442 2591 551 2653 versu,
574 2575 681 2635 mente
703 2571 838 2656 pudicus
860 2593 938 2635 eras.

97 2649 216 2732 Appul.
239 2655 322 2735 apol.
338 2676 392 2740 pg.
407 2655 472 2718 410
494 2654 541 2720 ed.
559 2654 639 2727 Oud.
664 2655 767 2720 ‘divus
781 2654 964 2720 Hadrianus
986 2676 1059 2720 cum

95 2732 223 2798 Voconi
245 2739 339 2803 amici
361 2741 410 2804 sui
430 2744 544 2823 poetae
566 2741 727 2804 tumulum
748 2740 891 2805 versibus
913 2762 1059 2805 munera-

92 2823 214 2969 ietir'g
229 2819 276 2884 ita
298 2825 424 2908 scripsit
445 2825 616 2889 ‘lascivus'
640 2847 666 2889 e.
690 2848 720 2909 q.
742 2847 766 2890 s.
809 2823 876 2891 oet.
900 2825 940 2890 cf.
964 2825 1058 2890 Mart.

110 2955 119 2989 7
163 2954 171 2988 7
217 2955 224 2968 “

297 2992 327 3056 3.
361 2993 502 3058 animula
523 2995 640 3080 vagula
661 2994 828 3078 blandula,

361 3077 477 3160 hospes
499 3101 668 3164 comesque
691 3080 849 3164 eorporis,

361 3183 443 3244 quae
463 3184 551 3228 nunc
572 3165 675 3229 abibis
696 3167 732 3228 in
752 3165 838 3248 loca,

359 3246 529 3332 pallidula,
551 3248 670 3334 rigida,
691 3249 828 3314 nudula!

360 3353 422 3396 ncc
443 3334 480 3395 ut
501 3332 584 3397 soles
606 3333 695 3398 dabis
716 3335 814 3399 iocos.

95 3408 198 3495 Spart.
214 3416 257 3480 ib.
274 3437 299 3480 c.
315 3416 372 3483 25:
395 3422 429 3482 et
442 3418 583 3483 moriens
598 3418 726 3501 quidem
746 3420 807 3484 hos
821 3439 931 3483 versus
945 3416 1058 3482 fecisse

94 3495 210 3562 dicitur
237 3502 413 3568 ‘animula’
447 3525 474 3568 c.
496 3524 526 3587 q.
548 3526 573 3568 s.
600 3503 681 3569 tales
714 3509 836 3588 autem,
868 3524 928 3568 nec
954 3503 1057 3568 multo
