2386 3984
460 201 569 256 LIBER
589 200 733 256 PRIMVS.
933 253 937 256 .
1057 195 1079 261 5

114 369 202 445 Quae
224 369 362 449 restant,
384 364 483 428 nullis
505 364 645 429 obnoxia
665 368 812 448 tempora
832 365 940 449 metis3

155 453 243 519 Dum
265 451 395 516 stabunt
415 453 518 513 terrae
524 449 633 534 ,dum
653 449 747 533 polus
768 453 854 514 astra
874 449 965 514 feret.

112 537 198 604 Illud
218 541 250 601 te
271 537 412 619 reparat,
435 534 522 618 quod
543 538 648 599 cetera
668 555 770 620 regna
790 535 936 600 resolvit:

158 621 242 687 Ordo
264 619 497 703 renascendist,
520 641 660 683 crescere
682 640 776 703 posse
797 620 899 684 malis.
991 651 997 661 ·
1029 633 1078 681 140

113 708 160 772 Er
183 728 202 772 o
224 727 299 792 age,
322 704 495 789 sacrilegae
516 705 647 768 tandem
669 704 761 769 cadat
781 704 888 769 hostia
909 703 1029 790 gentis:

157 728 355 858 dubmittant
374 788 492 872 trepidi
512 789 633 872 perfida
655 789 738 854 colla
761 789 869 854 Getae.

114 877 202 942 Ditia
222 879 355 959 pacatae
378 874 455 938 dent
476 874 647 959 vectigalia
667 878 786 939 terrac:

154 962 293 1045 Impleat
314 962 467 1057 augustos
490 960 625 1023 barbara
645 959 764 1042 praeda
784 961 883 1024 sinus.

112 1050 290 1112 Aeternum
311 1045 372 1109 tibr
393 1043 526 1108 Rhenus
548 1047 631 1127 aret,
652 1044 714 1108 tibi
734 1043 829 1109 Nilus
851 1044 1000 1110 inundet:
1031 1056 1078 1106 145

155 1131 374 1214 Altricemque
396 1151 487 1193 suam
507 1128 624 1194 fertilis
647 1128 733 1193 orbis
756 1129 830 1194 alat.

114 1216 199 1293 Quin
221 1219 254 1280 et
274 1213 426 1279 fecundas
448 1214 508 1279 tibi
530 1213 675 1279 conferat
695 1213 807 1278 Africa
827 1235 962 1298 messes,

156 1301 230 1367 Sole
252 1322 310 1365 suo
334 1299 436 1382 dives,
459 1299 515 1363 sed
535 1299 638 1384 magis
659 1300 760 1364 imbre
782 1303 849 1369 tuo.

111 1387 241 1452 Interea
263 1388 296 1448 et
316 1382 418 1447 Latiis
440 1388 637 1468 consurgant
656 1383 773 1448 horrea
794 1384 904 1466 sulcis,

155 1468 358 1553 Pinguiaque
380 1465 538 1548 Hesperio
559 1470 687 1531 nectare
708 1468 799 1549 prela
819 1468 930 1532 fluant.
1031 1481 1080 1530 150

112 1555 187 1637 Ipse
209 1550 398 1634 triumphali
420 1550 586 1614 redimitus
608 1550 764 1615 anmdine
786 1550 892 1615 Tibris

156 1635 322 1702 Romuleis
344 1634 481 1699 famulas
503 1635 612 1700 usibus
635 1638 724 1719 aptet
745 1658 858 1720 aquas3

114 1726 222 1807 Atque
245 1720 398 1804 opulenta
419 1720 480 1784 tibi
501 1720 634 1803 placidis
656 1721 846 1786 commercia
867 1721 946 1805 ripis

156 1805 304 1872 Devehat
324 1805 402 1869 hinc
423 1805 522 1889 ruris,
544 1806 701 1870 subvehat
723 1805 797 1870 inde
819 1807 927 1872 maris.
994 1826 1000 1847 1
1143 1855 1144 1863 ,

113 1892 238 1975 Pande,
253 1912 382 1974 precor,
398 1891 527 1974 gemino
542 1890 1014 1978 placauimssastorepontum,
1032 1905 1079 1953 155
1128 1866 1142 1928 'l

156 1977 327 2059 Temperet
348 1996 539 2058 aequoream
561 1976 624 2039 dux
647 1975 806 2059 Cytherea
826 1976 926 2060 viam3

116 2061 150 2126 Si
171 2083 239 2126 non
261 2060 424 2144 displicui,
446 2080 591 2145 regerem
612 2083 685 2125 cum
707 2061 777 2125 iura
799 2059 939 2145 Quirini,

158 2144 193 2211 Si
214 2144 300 2210 colui
322 2147 449 2209 sanctos
472 2145 681 2228 consuluique
702 2145 823 2210 Patres.

113 2231 199 2296 Nam
214 2228 300 2314 quod
314 2230 404 2294 nulla
417 2250 525 2293 meum
539 2230 737 2295 strinxerunt
751 2231 885 2295 crimina
898 2230 1036 2313 ferrum,

155 2314 234 2381 Non
256 2315 297 2378 sit
318 2314 472 2397 praefecti
494 2314 613 2399 gloria,
636 2314 691 2378 sed
712 2315 834 2398 populi.
1032 2329 1080 2377 100

115 2400 188 2465 Sive
211 2400 306 2464 datm
326 2399 439 2483 patriis
461 2398 561 2463 vitam
582 2421 774 2483 componere
796 2401 904 2483 terris,

158 2484 231 2549 Sive
254 2484 355 2549 oculis
377 2505 530 2567 umquam
551 2485 718 2548 restituere
739 2484 834 2549 meis:

115 2567 311 2634 Fortunatis
333 2590 427 2654 agam
449 2572 589 2652 votoque
610 2569 735 2638 beatior
757 2569 860 2652 omni,

159 2649 290 2734 Semper
311 2654 451 2739 digneris
473 2654 501 2717 si
522 2653 704 2718 meminisse
726 2652 798 2717 mei.

114 2735 176 2801 His
199 2735 290 2800 dictis
317 2739 378 2802 iter
399 2739 579 2822 arripimus.
616 2736 820 2804 Comitantur
841 2739 943 2803 amici.
1031 2754 1078 2801 155

157 2820 273 2886 Dicere
294 2841 362 2885 non
382 2827 518 2906 possunt
539 2823 662 2887 lumina
683 2823 767 2887 sicca
788 2823 898 2888 ‘vale'.

56 2946 58 2954 ‚
114 2907 248 2990 lamque
270 2904 341 2968 aliis
362 2904 498 2972 Romam
518 2908 725 2973 redeuntibus
745 2907 857 2973 haeret
878 2909 967 2973 eunti

157 2990 286 3073 Rufius,
307 2989 420 3054 Albini
442 2992 546 3076 gloria
566 2993 641 3058 viva
661 2994 777 3077 patris3

117 3075 179 3152 Qui
201 3074 317 3140 Volusi
339 3074 472 3158 antiquo
495 3077 618 3143 derivat
639 3082 805 3143 stemmate
826 3099 945 3143 nomen

157 3161 202 3226 Et
222 3168 322 3245 reges
334 3158 473 3224 Rutulos
499 3164 580 3225 teste
602 3161 736 3227 Marone
762 3162 869 3228 refert.
1031 3176 1080 3224 110

116 3243 219 3308 Huius
240 3244 397 3310 facundae
419 3244 588 3309 commissa
607 3247 727 3329 palatia
748 3248 891 3334 linguae:

159 3329 344 3395 Primaevus
365 3330 483 3395 meruit
503 3330 659 3414 principis
681 3353 735 3396 010
756 3333 855 3417 loqui.

116 3410 254 3478 Rexerat
275 3419 349 3480 ante
371 3436 451 3499 puer
471 3415 609 3499 populos
630 3438 688 3500 pro
711 3418 841 3482 consule
862 3416 1005 3498 Poenos3

158 3499 311 3584 Aequalis
332 3499 437 3584 'l'yriis
458 3504 562 3566 terror
583 3524 735 3612 amorque
756 3502 827 3566 fuit.
