2386 3984
119 200 158 264 16
491 209 701 264 ΝΑΜΑΤΙΑΝΙ

115 382 166 432 555
179 370 325 455 Exiguus
347 392 460 456 regum
481 372 618 436 victores
640 393 749 455 cespes
770 374 924 460 habebat,

221 454 266 520 Et
287 454 496 521 Cincinnatos
518 458 629 541 iugera
648 479 750 540 pauca
772 457 899 525 dabant.

179 537 268 604 Haec
290 540 388 605 etiam
408 542 502 605 nobis
524 563 591 606 non
612 541 766 606 inferiora
786 542 935 609 feruntur

222 623 354 690 Vomere
378 624 507 690 Serrani
527 626 729 712 Fabriciique
751 626 834 693 foco.

178 709 227 773 Pu
250 711 344 793 pibus
367 733 443 797 ergo
465 711 544 775 meis
565 711 629 776 fida
650 712 685 776 in
707 713 844 777 statione
866 713 979 779 locatis

115 806 167 855 550
222 732 296 878 lpse
317 797 419 860 vehor
439 795 530 859 Pisas
553 817 616 879 qua
638 797 720 861 solet
740 797 787 861 ire
808 797 913 880 pedes.

178 879 316 945 Praebet
338 901 452 964 equos,
475 880 569 944 offert
591 881 687 946 etiam
709 887 860 965 carpenta
873 883 1037 967 tribunus,

220 964 271 1030 Ex
293 965 480 1030 commilitio
503 987 595 1029 carus
617 967 739 1049 etipse
760 967 856 1049 mihi,

180 1048 302 1114 Officiis
324 1069 468 1135 regerem
490 1072 563 1115 cum
584 1051 673 1135 regia
693 1054 778 1114 tecta
799 1053 966 1136 magister,

221 1134 469 1218 Armigerasque
491 1136 538 1218 pii
559 1135 715 1218 principis
737 1136 894 1200 excubias.

114 1231 165 1280 555
180 1219 223 1282 Al
246 1217 326 1283 heae
348 1223 489 1282 veterem
510 1219 719 1301 contemplor¹
733 1220 867 1304 originis
889 1221 1015 1306 urbem,

222 1241 324 1376 duam
346 1304 481 1388 cingunt
502 1303 638 1388 geminis
659 1307 768 1369 Arnus
790 1309 823 1368 et
844 1308 952 1369 Ausur
973 1307 1079 1390 aquis;

178 1386 305 1451 Ocnum
327 1387 501 1472 pyramidis
524 1389 673 1453 coeuntia
693 1390 827 1454 flumina
849 1390 984 1455 ducunt:

220 1471 364 1537 Intratur
385 1473 512 1538 modico
534 1473 625 1539 frons
647 1474 809 1558 patefacta
830 1476 913 1540 solo:

178 1555 240 1622 Sed
260 1559 428 1642 proprium
442 1559 560 1624 retinet
575 1561 737 1629 communi
752 1561 787 1624 in
802 1561 929 1645 gurgite
944 1584 1077 1645 nomen,

112 1655 163 1702 550
220 1643 265 1706 Ε5
284 1649 422 1727 pontum
444 1645 531 1708 solus
553 1645 674 1709 scilicet
694 1647 803 1708 Amus
826 1645 901 1709 adit.

177 1730 264 1792 Ante
288 1728 358 1810 diu,
373 1750 477 1811 rquam
498 1728 697 1812 Troiugenas
718 1728 849 1792 fortuna
870 1733 1001 1809 penates

219 1813 490 1876 Laurentinorum
511 1812 640 1895 regibus
663 1812 832 1892 insereret,

178 1895 272 1960 Elide
294 1896 444 1960 deductas
466 1896 605 1978 suscepit
625 1895 757 1959 Etruria
777 1893 883 1976 Pisas3

218 1981 368 2046 Nominis
389 1979 507 2044 indicio
529 1981 700 2044 testificata
721 1998 832 2062 genus.

112 2066 238 2130 srsHic
261 2065 470 2130 oblatamihi
491 2065 594 2129 saneti
616 2064 771 2149 genitoris
792 2064 914 2147 imago,

218 2150 328 2214 Pisani
349 2150 481 2233 proprio
495 2158 600 2232 'quam
621 2169 756 2233 posuere
778 2147 860 2212 foro.

175 2235 338 2300 Laudibus
360 2235 468 2299 amissi
490 2256 589 2320 cogor
609 2235 774 2300 lacrimare
796 2233 956 2316 parentis:

219 2320 398 2384 Fluxerunt
418 2319 553 2383 madidis
576 2320 693 2404 gaudia
714 2323 836 2383 maesta
857 2318 957 2402 genis.

176 2405 208 2471 N
209 2426 324 2488 amque
346 2409 438 2488 pater
452 2405 614 2488 quondam
629 2404 803 2489 Tyrrhenis
825 2401 964 2485 praefuit
978 2401 1078 2485 arvis,

113 2503 164 2552 550
220 2489 373 2555 Fascibus
395 2493 428 2553 et
449 2490 534 2554 senis
557 2490 677 2554 credita
698 2489 769 2552 iura
795 2487 890 2551 dedit.

175 2573 351 2658 Narrabat,
373 2574 522 2658 memini,
544 2577 663 2640 multos
685 2593 831 2637 emensus
853 2570 992 2634 honores

200 2682 201 2685 ¹
218 2660 395 2725 Tuscorum
415 2661 560 2745 regimen
580 2660 653 2743 plus
673 2657 830 2741 placuisse
853 2655 930 2720 sibi:

175 2745 260 2810 Nam
289 2767 393 2828 neque
424 2767 522 2828 opum
551 2767 674 2826 curam,
704 2741 849 2826 quamvis
878 2741 920 2804 sit
944 2761 1077 2825 magna,

722 2848 883 2890 sacrarum

216 2914 286 2978 Nec
308 2914 358 2978 ius
380 2917 567 2996 quaesturae
589 2915 681 2996 grata
701 2910 800 2975 fuisse
822 2911 939 2995 magis:

112 3011 163 3061 585
177 2999 301 3082 Ipsam,
325 2998 352 3062 si
373 2999 422 3064 fas
445 3001 508 3080 est,
530 3001 724 3081 postponere
746 2995 978 3079 praefecturam

217 3083 356 3148 Pronior
377 3083 412 3147 in
433 3082 553 3147 Tuscos
574 3104 643 3146 non
664 3082 830 3146 dubitabat
851 3101 949 3144 amor.

176 3169 245 3235 Nec
267 3167 453 3252 fallebatur,
476 3172 543 3232 tam
565 3189 655 3231 carus
678 3168 800 3250 etipse
822 3162 979 3247 probatis:

217 3255 374 3318 Aeternas
397 3257 502 3338 grates
524 3257 635 3316 mutua
657 3274 732 3315 cura
753 3250 858 3330 canit3

40 3348 43 3355 '
176 3338 448 3421 Constantemque
470 3339 531 3402 sibi
552 3338 672 3420 pariter
693 3337 866 3417 mitemque
888 3331 1000 3415 fuisse,

112 3437 163 3485 550
219 3423 391 3488 Insinuant
411 3423 495 3487 natis
518 3423 574 3506 qui
596 3422 769 3485 meminere
792 3438 892 3482 senes.

174 3508 285 3592 Ipsum
306 3531 357 3573 me
380 3507 530 3594 gradibus
551 3529 619 3571 non
639 3506 846 3590 degenerasse
866 3501 1008 3586 parentis
