2386 3984
367 227 569 286 MARIANVS.
599 226 670 285 INO.
686 225 790 282 AVCT.
1019 217 1060 284 53

388 463 466 536 VII.
510 460 770 536 MARIANVS.

164 647 213 711 De
236 646 383 710 Mariano
405 645 668 728 Lupercaliorum
695 648 791 728 poeta
813 644 1018 709 disseruimus
1040 645 1061 708 l.

96 756 127 797 n.
150 753 204 817 pg.
230 732 299 795 103.
332 730 481 794 Videnda
503 730 599 794 etiam
621 751 702 813 quae
723 730 851 794 notavit
871 729 937 794 Leo
961 729 1001 793 ad
1024 751 1061 793 ea

97 839 177 901 quae
200 816 368 898 adscripsit
389 813 519 879 Servius
547 816 614 880 sive
640 815 748 899 potius
776 814 988 897 interpolator
1008 836 1062 877 ne-

97 902 219 1050 qcioqui
242 901 352 1047 eclog,i
367 899 504 1048 giorgfll
526 901 632 1048 verstui
653 899 742 1048 &idid

118 1038 125 1050 .
298 1006 330 1048 se
407 1007 448 1048 va
492 1006 591 1049 avae
628 1005 688 1049 can
744 1007 763 1048 a

300 1069 404 1134 Roma
425 1070 598 1153 Aesculapi
619 1070 686 1132 filia

299 1176 419 1218 nomen
440 1176 562 1219 novum
583 1154 677 1218 Latio
699 1153 794 1236 facit,

302 1261 366 1322 quo
389 1239 574 1303 conditricis
595 1239 727 1302 nomine

300 1324 365 1387 iam
387 1323 523 1389 Romam
546 1325 587 1388 ab
609 1325 679 1407 ipso
701 1345 813 1387 omnes
836 1328 962 1388 vocant.

163 1408 385 1492 Philargyrius
407 1409 447 1471 ad
470 1410 526 1472 ecl.
548 1409 574 1492 I,
588 1409 645 1472 20:
668 1408 772 1473 Roma
794 1413 922 1473 etanta
944 1407 1063 1473 Romu-

95 1495 164 1557 lum
193 1492 273 1574 fuit3
303 1495 335 1556 ct
361 1515 380 1556 a
402 1492 461 1556 dea
483 1514 552 1558 eam
575 1494 635 1558 sibi
657 1514 776 1557 nomen
798 1492 973 1575 adquisisse
995 1492 1062 1556 Ma·

95 1578 206 1642 rianus
238 1576 287 1640 Lu
311 1577 500 1641 ercaliorum
535 1583 632 1662 poeta
664 1579 708 1641 sic
744 1578 884 1641 ostendit
911 1577 1001 1641 ‘sed’
1033 1600 1060 1642 e.

98 1685 127 1745 q.
152 1684 175 1726 s.
220 1599 360 1726 Eosdem
386 1683 512 1747 versus,
540 1663 567 1726 si
594 1664 672 1727 fides
703 1662 864 1726 codicibus
885 1663 1061 1746 nonnullis,

99 1747 196 1811 etiam
219 1745 348 1811 Servius
369 1748 506 1831 protulit
532 1748 572 1811 ad
593 1748 625 1812 h.
648 1748 669 1812 l.
714 1746 821 1812 Secuti
843 1769 952 1811 sumus
973 1769 1062 1830 prae-

96 1838 147 1896 ter
168 1831 317 1895 ultimum
344 1855 373 1896 v.
398 1831 482 1897 Scali
507 1835 568 1916 eri,
597 1855 679 1916 quae
701 1832 741 1896 ad
763 1832 873 1896 Manil.
896 1831 977 1916 1111,
1000 1832 1061 1896 775

95 1917 268 2000 prompsit,
297 1918 438 1982 inventa.
515 1940 567 1982 am
594 1917 680 2001 apud
711 1916 950 2002 Philargyrium
982 1917 1062 1981 haec

97 2001 250 2085 leguntur
271 2005 410 2065 testante
424 2001 577 2087 Hageno:
600 2003 673 2066 ‘sed
695 2002 733 2066 de
754 2003 838 2066 flavo
860 2006 893 2066 et
914 2023 994 2066 cano
1014 2002 1063 2065 ita

95 2084 199 2149 Roma
220 2086 276 2149 abs
299 2085 424 2170 colapia
449 2109 569 2152 nomen
589 2109 711 2152 novum
732 2087 826 2152 Latio
854 2086 947 2170 facit,
975 2086 1061 2170 quod

97 2169 281 2234 conditricis
302 2172 434 2235 nomine
462 2173 503 2236 ab
531 2173 600 2255 ipso
624 2194 735 2236 omnes
756 2172 894 2236 Romam
915 2176 1060 2237 vocant’.

95 2255 193 2339 Apud
221 2253 385 2339 Servium,
414 2256 470 2320 ubi
492 2257 612 2322 similes
633 2262 709 2321 sunt
731 2257 853 2340 sordes,
883 2257 938 2321 sed
959 2256 1062 2341 magis

96 2342 193 2404 etiam
214 2339 336 2487 inqerta
362 2341 545 2405 traditionis
577 2342 655 2406 fides
677 2341 821 2407 Marinus
843 2342 1061 2426 Lupercorum

94 2430 191 2506 poeta
212 2448 252 2489 au
274 2426 310 2490 it.

354 2610 533 2676 INGER'PI
554 2611 792 2678 AVCTORES.

97 2764 125 2826 1.
341 2765 417 2828 dum
438 2764 613 2829 semhiulco
636 2765 724 2830 sario

339 2871 446 2913 meum
466 2850 611 2933 puellum
632 2850 739 2914 savior

341 2932 527 3018 dulcemque
550 2935 661 3000 florem
683 2935 814 3019 spiritus

340 3017 420 3081 duco
444 3040 482 3082 ex
503 3025 614 3104 aperto
637 3021 779 3104 tramite,

341 3102 448 3166 anima
470 3125 565 3190 aegra
587 3127 694 3169 amore
718 3110 750 3170 et
771 3107 878 3170 saucia

341 3188 480 3252 cucurrit
501 3189 542 3252 ad
563 3190 664 3254 labias
685 3190 781 3274 mihi,

340 3272 519 3357 rictumque
541 3274 576 3337 in
598 3275 663 3339 oris
684 3276 830 3358 pervium

339 3360 371 3420 et
392 3356 481 3421 labra
502 3360 594 3442 pueri
615 3358 741 3443 mollia,

340 3441 455 3506 rimata
476 3443 585 3507 itineri
606 3445 775 3529 transitur,

338 3531 375 3591 ut
396 3527 586 3612 transiliret,
609 3529 733 3593 nititur.
