2386 3984
115 215 167 263 XII
493 215 700 263 PRAEFATIO.

114 367 200 432 Nam
232 371 264 431 et
298 367 382 430 idem
415 367 515 431 semel
541 371 777 450 pentametrum
804 370 889 435 binis
916 374 1078 438 vocabulis

115 457 261 517 constare
282 473 394 534 passus
417 455 465 515 est
488 450 529 538 [l,
551 450 626 537 450]
649 451 710 515 ita:

140 571 141 575 =
301 535 579 619 Bellerophonteis
601 535 885 621 sollicitudinibus3

115 621 242 706 qualem
263 620 340 684 alibi
362 621 398 684 in
419 621 534 686 litteris
555 621 663 685 latinis
685 621 830 685 invenire
852 644 903 686 me
925 647 993 690 non
1014 651 1079 694 mc·

114 706 203 770 mini.
226 705 375 770 Videnda
392 709 501 770 tamen
515 726 596 789 quae
612 704 748 769 diximus
763 706 784 770 l.
799 728 832 771 n.
847 727 922 792 pgg.
938 709 1011 776 459.
1023 709 1078 779 60.

177 791 397 874 Interpunctio
425 793 499 873 post
525 793 761 872 pentametrum
782 791 911 876 gravior
931 795 1080 878 neglecta

112 898 142 940 v.
165 875 244 959 520,
267 875 322 940 sed
343 879 454 958 parata
475 874 585 958 venia3
609 875 649 940 cf.
673 875 702 939 d.
724 898 749 940 r.
773 899 814 941 m.
837 876 913 960 231,
938 876 967 942 2.

178 959 340 1036 Quantum
355 959 395 1023 ad
408 958 609 1042 synhaeresis
623 960 675 1025 vel
690 960 863 1026 dihaeresis
878 962 978 1047 leges,
993 961 1078 1027 nihil

114 1045 146 1109 di
193 1068 248 1109 um
274 1044 429 1109 memoria
454 1044 517 1108 nisi
545 1045 632 1129 quod
652 1045 811 1130 Harpyias
840 1047 889 1111 bis
916 1047 1078 1131 quaternis

115 1153 151 1214 sy
165 1131 246 1195 labis
271 1129 352 1194 dixit
372 1128 522 1194 Rutilius.

175 1214 265 1278 Idem
296 1214 470 1297 plurimum
504 1214 724 1280 observantiae
755 1214 790 1280 in
823 1216 955 1281 elisione
984 1239 1078 1300 parce

37 1359 40 1363 ,
116 1303 270 1382 cauteque
306 1297 503 1363 admittenda
540 1299 730 1382 collocavit,‘
758 1321 854 1384 quam
889 1301 956 1364 fere
992 1301 1078 1366 intra

112 1384 252 1468 primurn
288 1383 508 1448 choriambum
543 1384 720 1449 hexametri
757 1385 989 1469 pentametrive
1025 1387 1078 1451 vel

114 1473 263 1552 quartum
295 1469 409 1552 pedem
436 1491 546 1535 versus
573 1469 731 1556 longioris
763 1471 937 1536 consistere
964 1471 1077 1537 voluit.

113 1553 226 1637 Itaque
247 1554 298 1618 his
321 1555 425 1621 solum
446 1555 525 1621 locis
547 1560 672 1639 praeter
693 1556 831 1639 primam
848 1556 977 1640 quidem
991 1557 1079 1622 arsin

113 1643 147 1703 et
168 1643 257 1705 extra
279 1662 441 1705 caesuram
458 1640 584 1704 vocales
606 1640 720 1721 longas
742 1639 794 1704 vel
815 1640 851 1702 in
872 1663 904 1704 m
927 1647 1079 1707 exeuntes

115 1723 215 1808 elisit,
245 1747 402 1809 nusquam
429 1727 537 1786 tamen
557 1720 727 1804 productas
748 1721 860 1784 finales
883 1723 1080 1803 qualescum-

117 1829 178 1892 que
194 1809 260 1873 sive
276 1806 445 1901 dactylicos
458 1804 511 1869 vel
520 1803 733 1901 pyrrichiacas
746 1803 781 1867 in
792 1825 834 1885 m,
847 1825 911 1900 o,·a
926 1809 1078 1899 eneuntes

113 1896 268 2127 Ξιίἶὲξζῗὲ
290 1886 1078 2042 ἒέἕῖἰθιοΙῖῗῗῗηᾞηίἒἙιῗὲἐᾞ15ἳῖῗῇἓὲἓέ

137 2111 146 2145 ’
265 2143 332 2207 sive
352 2143 415 2208 loci
437 2142 568 2228 ingenio
591 2163 647 2206 seu
669 2140 791 2205 domini
813 2141 926 2226 genio;

114 2234 210 2314 atque
237 2228 283 2292 ita
310 2228 482 2312 liquefacta
508 2227 607 2324 longa
627 2225 732 2290 finalis
754 2225 963 2309 praecedente
986 2225 1076 2309 diph-

113 2315 238 2400 thongo
261 2313 296 2378 in
316 2314 447 2378 nomine
468 2334 600 2396 proprro
622 2311 653 2395 Ι,
677 2311 754 2377 615:

209 2398 283 2464 inde
305 2397 511 2463 Triturritam
532 2397 645 2462 Pisaea
667 2418 707 2460 ex
728 2395 807 2460 urbe
828 2416 981 2460 reversus.

176 2483 279 2549 illisio
302 2483 337 2548 in
359 2484 460 2553 altero
482 2481 675 2566 pentametri
696 2479 898 2545 hemistichio
921 2478 1019 2543 nulla.

177 2569 352 2635 Positionis
379 2570 432 2632 lex
480 2589 540 2633 uae
568 2567 684 2631 dicitur
712 2587 763 2648 ea,
796 2586 859 2649 qua
887 2563 1080 2629 severissimi

114 2660 259 2720 auctores
281 2654 358 2718 artis
379 2591 527 2738 usi,l10c
550 2655 660 2717 estne
681 2650 884 2747 copularetur
903 2649 1009 2714 brevis
1026 2671 1080 2721 vo·

115 2739 192 2803 calis
221 2740 256 2802 in
291 2739 377 2803 exitu
409 2738 503 2803 metri
535 2736 641 2820 posita
671 2734 736 2798 nisr
767 2735 957 2818 insequente
990 2736 1079 2803 muta

114 2844 187 2889 cum
208 2822 331 2907 liquida
351 2827 477 2905 praeter
499 2842 558 2906 gn,
580 2841 661 2883 neve
683 2818 794 2882 eadem
811 2840 964 2903 umquam
977 2816 1077 2902 porri-

139 2911 253 2973 eretur.

115 2929 138 2993 g
177 2992 350 3057 Productio
373 3011 519 3055 caesurae
542 2987 575 3052 vi
597 2987 709 3052 effecta
729 2987 828 3052 nulla.

451 3283 752 3290 m
