2386 3984
114 220 150 267 VI
492 219 697 268 PRAEFATIO.

179 371 266 456 Opus
300 374 367 437 eius
399 395 457 456 per
487 372 627 438 medium
653 393 766 438 aevum
798 374 905 440 codice
934 378 1072 462 quodam

114 458 260 523 coenobii
294 458 478 541 Bobiensis,
513 459 563 522 cui
594 462 645 523 tot
675 459 838 541 praeclara
869 461 1073 547 ingeniorum
1101 522 1105 528 .

114 547 321 608 monumenta
349 543 513 626 debemus,
544 547 703 608 servatum
731 565 803 608 eum
830 548 1028 613 11101494
1054 572 1073 614 1

114 627 253 713 Georgio
286 627 434 693 Galbiato
471 632 553 694 esset
588 629 770 712 inventum,
806 631 914 712 paullo
948 637 1022 716 post
1054 655 1073 698 a

113 713 237 778 Thema
271 713 485 798 Inghiramio,
522 714 573 778 cui
606 713 744 778 Phaedri
780 719 848 778 erat
883 737 1072 802 cognomen,

113 797 305 882 descriptum
333 803 366 863 et
391 797 520 863 tandem
546 798 682 863 Romam
709 803 906 883 asportatum
935 806 997 885 est3
1033 825 1072 867 ex

113 906 177 1035 guo
214 883 385 967 exemplari
421 883 551 948 ductum
586 883 672 949 aliud
708 887 904 968 compararit
937 887 1072 953 lacobus

137 969 333 1034 annazarius.
383 962 469 1033 Dein
504 970 694 1052 compluries
730 969 815 1033 idem
850 975 1070 1058 propagatum.

112 1053 185 1138 Ipse
207 1058 313 1119 autem
335 1052 524 1138 archetypus
540 1053 760 1139 Carolingieae
778 1057 815 1119 ut
829 1055 955 1121 ridetur
976 1058 1073 1122 aetati

113 1161 243 1223 compar
264 1143 297 1203 et
317 1139 433 1203 litteris
455 1143 600 1204 exaratus
615 1138 864 1224 Langobardicis
887 1162 959 1205 cum
977 1140 1073 1207 Bobii

112 1225 330 1308 remansisset,
353 1224 436 1288 circa
457 1247 578 1289 annum
601 1225 683 1288 1700
700 1245 758 1307 per
771 1223 995 1290 Bonnevalum
1016 1227 1073 1292 ho-

112 1311 232 1374 minem
247 1309 375 1374 Gallum
394 1311 588 1375 monasterio
610 1308 782 1374 subductus
805 1313 838 1374 et
857 1310 994 1376 fortasse
1008 1311 1072 1378 Eu-

113 1391 208 1481 {genio
235 1395 374 1480 principi
401 1393 536 1460 donatus
562 1395 617 1459 ubi
638 1415 724 1458 nuno
745 1397 902 1460 terrarum
924 1400 1010 1462 extet
1031 1437 1072 1445 -

112 1480 207 1546 modo
230 1484 366 1546 aetatem
387 1480 498 1545 tulerit
518 1521 569 1566 -,
594 1481 770 1565 ignoratur.
814 1480 864 1545 Ex
885 1483 1073 1568 apographo

113 1567 250 1650 quodam
282 1565 425 1650 illorum,
459 1589 540 1650 quae
572 1565 691 1649 passim
724 1587 763 1629 ex
797 1565 904 1630 codiee
934 1566 1072 1632 Phaedri

113 1651 207 1716 ducta
239 1655 327 1735 sunt,
361 1673 389 1715 a.
423 1653 504 1717 1520
534 1650 701 1714 Bononiae
733 1649 894 1718 Iohannes
926 1651 1073 1737 Baptista

111 1735 189 1801 Pius
214 1737 299 1821 typis
334 1757 516 1819 expressum
541 1735 656 1800 Rutilii
689 1757 816 1800 carmen
849 1736 960 1819 edidit,
995 1737 1071 1802 satis

111 1821 260 1905 fideliter,
283 1824 320 1884 ut
339 1843 398 1903 pro
421 1821 484 1885 illis
505 1821 716 1904 temporibus,
740 1820 795 1885 sed
810 1820 981 1904 exemplari
995 1843 1071 1885 usus

112 1906 218 1971 minus
244 1907 340 1970 bouc.
390 1905 520 1971 Praeter
547 1905 634 1970 hunc
661 1906 747 1970 solus
775 1905 960 1991 Onuphrius
989 1904 1071 1972 Pan-

111 1991 218 2056 vinius
245 1992 280 2055 in
306 1992 490 2057 recensione
519 2013 546 2055 a.
572 1991 652 2056 1558
680 1991 841 2074 publicata
862 1992 1016 2074 seriptum
1037 1993 1072 2058 in

112 2077 265 2142 auxilium
287 2076 414 2141 vocavit
435 2077 567 2160 librum,
594 2098 654 2140 nec
679 2077 763 2140 ultra
789 2076 913 2142 additos
938 2076 979 2141 ab
1001 2076 1071 2161 ipso

112 2184 220 2227 versus
246 2161 267 2225 l.
295 2161 312 2224 Ι
318 2213 328 2246 ,
355 2161 523 2228 sus-78.
556 2199 592 2208 —
627 2161 677 2226 Ex
709 2161 840 2246 reliquis
873 2164 1072 2247 superiorum

112 2248 309 2312 saeculorum
336 2247 524 2330 editoribus,
553 2247 668 2331 quibus
695 2248 763 2312 sola
790 2247 913 2332 ingenii
940 2269 1073 2333 operes

112 2332 176 2397 fuit
202 2331 339 2417 agenda,
369 2333 445 2398 satis
473 2333 609 2397 multum
630 2332 753 2416 profuit
773 2331 896 2398 Rutilio
918 2333 1072 2418 Iosephus

113 2416 251 2484 Castalio
276 2415 314 2504 [a.
340 2416 449 2507 1582],
477 2418 582 2482 minus
604 2417 757 2482 Pithoeus
763 2468 771 2500 ,
800 2417 1014 2503 Barthiusque
1040 2422 1073 2483 et

112 2502 371 2568 Almeloveenius
400 2503 439 2592 [a.
469 2503 559 2569 1590.
589 2502 680 2567 1623.
710 2501 803 2590 1687]
810 2554 818 2587 ,
852 2526 870 2569 e
924 2504 1017 2568 uibus
1044 2503 1072 2568 is

113 2610 207 2672 quem
228 2588 332 2672 primo
354 2589 426 2654 loco
448 2588 622 2653 memoravi
636 2588 743 2671 potuit
757 2588 884 2673 quidem
898 2525 1071 2674 {dammum

111 2677 272 2757 praestare
287 2673 335 2737 illi
350 2675 377 2738 si
394 2673 428 2738 id
450 2675 580 2760 egisset,
603 2673 684 2737 alter
699 2695 737 2738 ex
751 2695 839 2738 more
854 2696 912 2738 suo
927 2674 1073 2740 oneravit

111 2758 219 2842 potius
240 2762 383 2844 poetam,
411 2781 506 2844 quem
534 2757 766 2823 emendandum
789 2759 1071 2857 explicandumque

112 2843 173 2908 sibi
194 2848 386 2928 sumpserat,
417 2867 513 2928 quam
540 2843 681 2927 ornarit,
708 2844 822 2908 tertius
870 2867 912 2909 ua
937 2847 1006 2910 erat
1025 2866 1072 2908 m·
1134 2856 1138 2866 “

112 2928 200 3078 ponii
222 2929 381 3013 aequabili
403 2929 620 2994 mediocritate
643 2930 678 2993 in
703 2950 855 2994 recensen
880 2929 904 2994 's
930 2933 1073 2994 veterum

125 3014 203 3079 ibris
224 3014 332 3096 potins
354 3015 481 3099 eulpam
495 3014 610 3079 vitavit
647 3036 722 3079 uam
743 3013 869 3079 laudem
891 3014 1016 3080 meruit.
1032 3051 1074 3062 -

113 3097 175 3166 Sed
201 3099 320 3196 optime
348 3100 480 3165 meritus
507 3103 555 3164 est
576 3097 614 3163 de
665 3099 772 3183 utilio,
802 3100 891 3165 cuius
919 3101 1075 3166 librorum

112 3183 262 3270 reliquias
286 3183 324 3272 [a.
343 3184 436 3273 1731]
458 3189 626 3268 poetarum
647 3185 821 3251 latinorum
843 3184 898 3269 qui
918 3188 1075 3251 vocantur

113 3269 274 3336 minorum
288 3270 445 3335 volumini
461 3271 553 3336 adteri
568 3271 717 3355 inseruit,
739 3271 854 3335 Petrus
872 3268 1074 3335 Burmannus

113 3356 154 3420 ob
181 3377 251 3420 eam
281 3377 349 3418 rem
376 3355 463 3439 quod
484 3355 524 3420 N.
547 3355 673 3421 Heinsii
700 3355 853 3440 plurimas
876 3356 1074 3421 coniecturas

112 3440 233 3523 publici
259 3440 337 3514 fecit
363 3441 441 3506 iuris
468 3442 556 3527 (uam
584 3442 679 3507 etiam
707 3463 788 3524 quac
822 3440 912 3525 quasi
944 3440 1076 3526 propria

113 3524 205 3591 affert
226 3530 406 3594 commenta
425 3549 464 3594 ex
479 3530 569 3612 parte
585 3530 669 3592 certe
683 3527 774 3591 illum
788 3526 897 3611 potius
912 3529 1074 3592 auctorem
