2386 3984
497 220 694 275 ANNIANVS.
1034 213 1077 278 39

112 391 185 452 orta
206 388 255 449 est
276 384 324 447 dis
348 384 449 448 utatio
476 387 588 448 nostra
610 381 723 447 ‘docta
742 381 868 447 Falisca
890 381 1007 447 Serene
1029 404 1077 447 re-

111 475 223 555 paras’
252 490 291 533 ex
340 468 498 534 erentiani
524 468 588 532 illis
616 467 710 532 ‘talia
738 467 831 532 docta
852 466 978 532 Falisca
998 467 1077 616 leffi-

112 561 202 620 mus’
231 575 298 618 esse
325 554 435 617 fictum
467 575 562 617 nemo
596 555 633 616 ut
667 553 782 636 opinor
815 551 983 617 dubitabit.
1056 574 1077 614 x

112 639 225 704 eodem
252 638 449 722 apertissime
476 638 567 703 fonte
600 637 696 702 dueta
728 659 921 722 quamquam
950 636 1074 701 diverso

112 745 219 806 errore
246 744 327 807 quae
355 725 557 808 Augustinus
585 723 619 786 in
641 725 755 805 quarto
785 721 824 786 de
851 722 972 786 musica
992 721 1076 785 libro

112 808 236 893 profert
261 829 330 892 cap.
352 807 409 873 30:
437 828 541 891 neque
564 807 650 871 enim
671 809 699 872 si
719 805 863 872 Faliscus
889 807 997 871 nescio
1042 806 1077 870 ui

112 897 214 958 metra
235 892 281 957 ita
303 891 485 976 composuit
504 894 541 955 ut
562 891 641 956 haec
655 896 773 958 sonant
796 891 934 976 ‘quando
949 828 1078 976 flagdila

112 979 209 1064 ligas,
231 977 278 1042 ita
298 977 379 1062 liga,
407 977 482 1041 vitis
504 980 537 1041 et
558 977 663 1040 ulmus
685 977 733 1041 uti
755 977 850 1042 simul
872 979 973 1059 eant'‚
997 976 1077 1040 scire

111 1063 174 1128 hoc
194 1084 373 1147 possumus.
404 1060 552 1126 Oetemm
566 1083 634 1126 non
649 1065 717 1126 erat
737 1083 794 1125 our
814 1061 985 1126 miraretur
998 1058 1077 1126 San-

111 1147 218 1212 tenius
240 1146 408 1231 epitheton
427 1145 509 1211 illud
531 1146 668 1211 ‘docta'.
703 1145 789 1211 Nam
810 1147 844 1210 id
865 1145 1077 1210 Terentianus

111 1236 149 1297 ut
170 1230 300 1297 adderet
320 1233 447 1297 ridetur
469 1254 536 1296 esse
558 1232 714 1315 impulsus
736 1253 774 1296 ea
802 1253 837 1295 re
860 1230 945 1315 quod
966 1229 1077 1295 Laevii

112 1317 244 1382 omnino
260 1321 293 1380 et
314 1317 496 1400 aequalium
518 1317 585 1381 eius
601 1316 641 1380 ad
660 1317 874 1381 imitationem
888 1316 978 1380 fuere
993 1337 1076 1380 corn·

111 1402 218 1486 posita
246 1401 389 1464 carmina
409 1399 548 1482 Falisca,
579 1423 660 1482 quae
683 1405 716 1465 et
737 1401 913 1465 dictionum
934 1401 1078 1485 proprie-

111 1490 179 1549 tate
202 1488 235 1548 et
254 1505 462 1548 numerorum
476 1484 682 1548 multitudine
701 1485 822 1567 pariter
836 1507 873 1548 ac
888 1484 1077 1549 difficultate

111 1567 294 1633 referebant
315 1567 398 1633 illos.
443 1567 643 1651 Quamquam
665 1567 736 1651 quis
763 1568 894 1653 ignorat
916 1591 935 1632 a
957 1568 1077 1634 Catulli

112 1653 187 1717 inde
213 1657 358 1737 tempore
385 1653 469 1718 nihil
495 1652 695 1737 frequentius
725 1652 942 1737 appellatione
964 1653 1021 1718 illa
1042 1654 1078 1716 in

111 1737 215 1822 poetis
237 1738 289 1803 vel
311 1737 505 1802 carminibus
526 1737 716 1802 laudandis?

176 1820 239 1888 Sed
259 1827 297 1887 ut
317 1822 445 1887 redeam
465 1823 501 1887 in
523 1822 617 1907 viam,
641 1822 679 1887 de
694 1822 838 1887 versibus
853 1822 918 1886 illis
934 1821 1075 1906 ‘quando

111 1906 239 1993 flagella
260 1907 358 1993 ligas,
378 1908 425 1973 ita
445 1908 523 1993 liga’
546 1930 573 1973 e.
597 1930 627 1993 q.
650 1930 674 1973 1.
697 1908 744 1973 ita
765 1907 847 1971 mihi
868 1908 994 1972 videtur
1015 1911 1077 1972 sta-

112 1991 277 2076 mendum,
300 1997 337 2056 ut
358 1993 482 2057 dicatur
503 2015 558 2058 eos
579 1994 615 2057 in
637 1992 813 2058 enchiridio
828 1992 885 2056 illo
908 2014 972 2076 quo
995 1991 1078 2076 pari-

111 2079 163 2138 ter
189 2077 240 2139 usi
266 2080 342 2140 sunt
368 2076 580 2142 Terentianus
607 2081 639 2141 et
661 2077 847 2143 Victorinus
874 2081 912 2142 ut
938 2076 1078 2144 Calabrii

112 2159 208 2223 metri
230 2161 411 2244 exemplum
426 2183 465 2225 ex
479 2160 612 2227 Faliscis
633 2163 771 2246 petitum
792 2162 987 2227 carminibus
1008 2161 1078 2226 sine

112 2244 245 2308 nomine
267 2245 415 2329 auctoris,
430 2246 507 2330 quip
532 2268 549 2310 e
568 2248 640 2312 noti
653 2246 813 2330 plerisque
836 2251 868 2311 et
890 2246 987 2330 obvii,
1010 2268 1079 2311 esse

111 2330 270 2477 prolatos3
302 2352 382 2414 quos
411 2351 468 2394 cur
500 2269 619 2396 dereno
653 2331 880 2414 adscripserint
911 2335 1078 2396 auctorum

140 2415 305 2479 erentiano
332 2415 548 2499 posteriorum
574 2416 719 2513 plerique
745 2417 870 2480 nullam
891 2416 989 2513 aliam
1010 2436 1077 2512 esse

113 2499 878 2668 statutumquam
891 2499 1078 2648 dulit&

111 2664 312 2749 frequentem
333 2668 482 2754 Septimii
508 2674 547 2735 ut
572 2670 765 2754 praecedens
787 2669 833 2734 ita
855 2668 951 2734 etiam
996 2673 1079 2734 oste-

111 2750 179 2848 rius
193 2751 402 2850 'crediderunt
423 2777 491 2820 esse
513 2754 703 2839 exemplum,
727 2775 799 2818 cum
810 2754 956 2818 Anniani
972 2692 1078 2818 libros

114 2835 306 2918 msprcrendr
328 2841 384 2901 aut
404 2841 555 2905 voluntas
576 2862 631 2905 eos
654 2838 802 2903 deficeret
823 2843 880 2904 aut
900 2838 1045 2904 facultas.

176 2919 326 2985 Ceterum
346 2922 399 2986 vel
418 2922 481 2989 hoc
502 2924 629 2991 videtur
650 2923 801 3008 dubium,
823 2946 902 2989 num
923 2927 1009 2988 recte
1031 2945 1078 2987 as-

111 3008 198 3070 serat
223 3003 411 3071 Victorinus
439 3013 577 3074 metrum
604 3008 692 3094 quod
712 3013 761 3074 est
782 3008 928 3093 ‘quando
951 3006 1080 3094 flagella

112 3091 202 3176 ligas,
218 3090 264 3155 ita
278 3089 362 3176 liga'
377 3089 537 3157 Faliscum
551 3115 680 3159 carmen
694 3097 843 3159 vocatum
858 3094 898 3159 ab
913 3093 1077 3158 Anniano.

112 3173 205 3241 Certe
232 3197 301 3240 non
330 3175 399 3240 solo
420 3175 483 3242 hoc
504 3199 638 3244 numero
661 3178 815 3262 opuscula
836 3178 905 3242 eius
927 3196 1008 3261 quae
1030 3176 1078 3241 in-

113 3259 240 3343 scripsit
260 3259 387 3325 Falisoa
407 3261 587 3346 composita
608 3283 676 3327 esse
698 3266 833 3328 constat.
878 3260 983 3337 Quare
1004 3282 1078 3345 pro·

113 3341 185 3425 pius
206 3367 226 3408 a
245 3345 309 3410 fide
331 3347 441 3412 abesse
463 3346 610 3412 existimo
632 3346 686 3411 hie
700 3368 828 3432 quoque
844 3368 918 3411 eum
932 3348 969 3410 ut
983 3367 1078 3430 saepe

113 3427 238 3510 lapsum
260 3451 327 3496 esse
350 3430 590 3516 interpretando
612 3431 817 3497 Terentiano.
858 3430 944 3496 Nam
965 3429 1079 3496 eodem

112 3511 287 3580 certissime
309 3537 416 3582 errore
437 3537 590 3602 praeceps
612 3515 704 3582 datus
725 3515 826 3582 falsus
848 3514 992 3600 Servius,
1022 3515 1081 3600 qui
