2386 3984
490 173 661 230 SERENVS.
1016 167 1059 234 45

99 340 182 406 1975
196 361 265 422 sqq.
297 336 470 485 Septimius
491 335 600 401 docuit
614 357 678 420 quo
692 337 776 400 ruris
791 336 945 420 opuscula
966 335 1058 419 libro,

95 426 158 491 hoc
180 444 297 510 genere
319 445 338 487 a
360 421 447 487 sidue
475 421 600 492 cecinit.
643 442 764 505 ponere
784 443 888 506 pauca
908 421 989 486 mihi
1010 426 1061 486 sat

98 510 168 576 erit.
212 508 263 573 Ex
284 506 469 572 Terentiani
491 506 631 571 carmine
652 510 690 571 ut
709 506 862 590 pleraque
883 506 985 591 petita
1004 505 1060 571 ha-

97 597 153 660 bet
173 593 282 658 eadem
303 591 424 658 Marius
446 590 633 656 Victorinus
654 611 708 676 pg.
733 591 793 656 177
816 591 855 675 G,
876 591 933 657 ubi
954 592 1061 656 minus

96 681 178 745 bene
200 678 318 764 legitur
339 676 451 748 ‘dum'
474 698 534 759 pro
558 675 864 759 9011111’,11*1111111’
887 698 947 760 pro
970 677 1060 739 ‘mi'.

98 764 219 830 Versus
240 764 271 829 3.
293 762 316 826 4
337 783 376 827 cx
398 761 530 826 alterius
552 760 701 826 carminis
721 761 881 844 principio
903 761 1032 844 sumpti.

98 849 128 914 2.
366 866 440 909 rure
461 845 570 929 puella
591 850 688 932 vagat
710 845 823 910 virido.

160 931 287 1080 Nopius
309 951 363 1016 pg.
378 930 440 994 467
463 953 488 995 s.
503 953 533 994 v.
550 951 648 1016 vagas
668 952 728 1014 pro
750 930 886 1016 vagaris.
924 927 1061 996 Serenus

97 1040 217 1083 ouscu
231 1039 268 1081 rs.

97 1041 138 1168 3i
206 1102 340 1186 pingere
362 1099 581 1165 collibitumst.
611 1098 799 1184 graphidem
821 1099 903 1166 date.
925 1100 1062 1183 promite

705 1183 927 1250 chromatium.
1021 1233 1023 1237 -
1142 1244 1143 1247 ,

163 1268 336 1336 Diomedes
357 1290 411 1355 pg.
432 1270 496 1334 516
518 1268 630 1335 Sereni
651 1268 739 1334 aliud
760 1269 824 1334 tale
846 1274 908 1335 est:
930 1270 1063 1354 pingere
1102 1284 1103 1287 ’

98 1379 125 1421 1.
141 1378 172 1441 q.
194 1379 218 1420 s,
241 1393 282 1402 -
305 1355 450 1436 superius
472 1375 597 1419 comma
618 1356 667 1418 est
686 1357 908 1419 tetrametrum
929 1354 1064 1419 heroum

100 1458 139 1506 cx
161 1439 335 1523 superiore,
357 1439 516 1521 posterius
531 1459 655 1503 comma
670 1441 718 1501 est
731 1438 898 1504 dimidium
920 1439 1062 1524 elegiaci.

99 1561 142 1573 -
156 1522 392 1588 ‘chromatium’
409 1521 531 1604 scripsi,
550 1543 647 1606 quam
667 1520 762 1586 facile
783 1523 888 1605 patiar
906 1525 1064 1589 coniectu-

100 1631 169 1673 ram
190 1607 310 1691 potiori
332 1605 457 1689 cedere3
481 1606 667 1671 ‘volarium’
691 1605 760 1670 cdd.
816 1669 817 1673 ,

99 1695 130 1758 1.
239 1758 241 1761 ,
369 1690 553 1774 labiumque
575 1690 702 1776 insigne
723 1690 858 1755 revellit.

91 1831 94 1838 .
162 1776 291 1842 Nonius
313 1798 337 1841 s.
353 1799 383 1840 v.
406 1775 527 1840 labium
548 1775 692 1862 pg.210:
715 1773 853 1840 Serenus
875 1776 910 1839 in
933 1798 1065 1860 opuscu-

100 1863 150 1928 lis.
173 1901 215 1911 —
239 1861 457 1945 ‘labiumque'
480 1860 560 1945 edd,
583 1860 795 1945 ‘leviumque’
818 1860 886 1925 cdd.
902 1899 945 1910 -
960 1859 1065 1936 Quan-

101 1953 172 2013 tum
193 1947 234 2012 ad
255 1968 333 2030 rem,
355 1945 396 2011 cf.
418 1945 498 2010 Hor.
521 1968 547 2011 0.
569 1945 596 2030 I,
620 1946 670 2031 13,
693 1946 827 2011 11-15.

101 2034 130 2095 5.
370 2030 534 2095 culicellus
556 2030 676 2096 amasio
698 2029 820 2095 Tullac.

165 2114 336 2179 Diomedes
362 2135 426 2262 pp&
439 2115 517 2198 513,
540 2115 596 2199 qui
617 2137 662 2180 nu
742 2115 836 2180 affert
856 2113 895 2180 de
918 2115 1065 2180 11101111-

102 2203 163 2264 tro.
209 2198 358 2264 ‘Tullae’
427 2199 663 2284 ernsdorfius,‘
720 2200 778 2265 lle’
802 2223 833 2265 r.

102 2285 132 2350 6.
372 2283 468 2349 callet
488 2285 614 2350 senium
634 2288 703 2350 arte
724 2283 864 2349 bibendi.

164 2368 293 2435 Nonius
314 2389 368 2454 pg.
383 2368 445 2434 257
455 2391 462 2432 :
485 2369 581 2434 callet
601 2369 763 2455 significat
783 2369 844 2434 scit
863 2408 907 2418 -
929 2368 1066 2435 Serenus

102 2455 137 2518 in
159 2477 178 2519 o
202 2453 330 2519 usculis.
345 2492 388 2501 —
411 2453 528 2518 ‘callet’
546 2453 742 2519 Genevensis
763 2454 845 2519 liber
867 2476 939 2519 cum
959 2455 1067 2537 priore

103 2477 221 2623 Lugd,
243 2538 386 2604 ‘callent’
409 2537 514 2604 Guelf.
537 2538 693 2604 ‘bibendi’
714 2538 837 2621 Iunius,
860 2537 1013 2602 ‘vivendi’
1036 2562 1065 2603 v.

105 2623 122 2685 7
384 2623 552 2688 munros
575 2627 671 2708 atque
692 2621 826 2710 sallitos]

126 2671 133 2685 .
167 2704 269 2771 Fuere
291 2708 346 2791 qui
368 2622 447 2774 iraec
468 2708 567 2774 verba·
587 2730 669 2792 quae
691 2709 842 2794 leguntur
864 2729 914 2791 ap.
937 2705 1066 2773 Diome-

105 2789 178 2854 dem
198 2811 253 2876 pg.
275 2791 353 2874 372,
375 2815 448 2859 cum
470 2792 588 2859 Severo
616 2793 775 2878 adscripta
796 2796 903 2858 essent
923 2815 943 2857 a
961 2810 1068 2879 'gram-

105 2874 233 2959 maticO,
255 2873 374 2940 Sereno
396 2883 510 3024 poetae
524 2877 694 2944 tribuenda
715 2899 783 2943 esse
805 2882 981 2963 censerent,
995 2877 1068 2943 sub-

104 2962 207 3026 tracta
228 2958 376 3042 equidem

106 3045 155 3109 illi
177 3066 274 3129 quam
301 3043 398 3130 longe
419 3069 439 3109 a
459 3069 536 3113 vero
564 3049 744 3115 aberrarint
770 3051 808 3113 ut
827 3048 923 3132 plene
945 3047 1068 3111 intelle-

106 3133 201 3214 gatar
222 3128 358 3279 lepcnda
380 3151 461 3278 spise
482 3130 650 3227 adnotavit
669 3133 794 3198 Keilius
815 3133 837 3197 l.
859 3156 901 3197 m.
992 3143 997 3150 “

108 3218 137 3279 8.
210 3236 246 3279 11
270 3237 289 3279 o
310 3217 429 3280 testua
448 3219 527 3280 tnta
547 3218 632 3365 solol!
655 3218 778 3367 011Ι111
798 3217 859 3282 tibi
879 3238 937 3301 per
959 3237 1068 3300 specu-

627 3324 682 3366 um
746 3324 809 3368 ano
834 3324 860 3367 e.

169 3383 342 3450 Diomedes
362 3403 417 3470 pg.
439 3385 517 3451 511:
539 3352 774 3471 anapaesticus,
796 3325 853 3471 diri
875 3407 913 3450 ex
934 3384 1069 3469 pedibus

107 3470 286 3552 anapaestis
314 3475 454 3554 constat,
482 3470 557 3535 talis
585 3472 694 3536 estin
722 3469 850 3537 Sereno.
884 3507 925 3517 ·-
954 3470 1067 3535 ‘cedo'

414 3012 424 3045 ,
451 2967 488 3027 nt
513 2964 750 3048 paroemiacum
778 2967 961 3047 aequarent.
1006 2961 1068 3028 Sed
