2386 3984
147 765 239 864 DE
265 761 498 865 Pousis
527 763 807 927 SAECVLI
832 767 892 865 V.
918 766 967 866 O.
995 771 1055 866 X.

181 964 338 1030 Hadriani
367 987 391 1028 a*
414 969 559 1050 tempore
582 987 655 1029 oum
676 967 776 1049 ipsius
797 967 953 1052 principis
975 969 1081 1031 aucto·

119 1052 214 1116 ritate
242 1071 352 1114 rursus
380 1050 496 1115 coalita
523 1054 607 1114 esset
627 1050 764 1114 imitatio
787 1051 980 1135 scriptorum
999 1051 1081 1116 anti-

140 1135 359 1218 uissimorum,
382 1156 576 1218 quamquam
596 1155 671 1198 suus
693 1156 818 1220 semper
838 1136 959 1201 mansit
976 1136 1081 1201 honos

117 1159 280 1304 Vergilio,
303 1221 412 1283 tamen
433 1219 578 1302 priorum
595 1223 698 1284 aetate
713 1224 882 1304 poetarum
901 1222 1006 1306 magis
1027 1222 1082 1285 ob·

115 1306 283 1369 servarunt
301 1303 446 1387 exempla
460 1303 620 1368 Frontoni
635 1305 791 1389 aequales.
829 1305 857 1370 E
902 1307 996 1371 uibus
1017 1329 1083 1369 ma·

111 1389 197 1452 xime
218 1387 305 1453 fama
328 1389 536 1473 percrebuere
556 1394 684 1472 praeter
702 1391 809 1476 ipsum
829 1390 862 1455 H
923 1393 1031 1456 ‘anum
1044 1389 1082 1454 P.

114 1474 243 1538 Annius
270 1472 386 1539 Florus
392 1525 401 1558 ,
432 1475 552 1540 amicus
581 1476 663 1559 eius,
694 1479 727 1540 et
752 1476 861 1560 paullo
889 1477 1083 1561 posteriores

113 1562 217 1624 aetate
238 1560 411 1624 Annianus
438 1559 581 1624 Faliscus
618 1560 720 1624 Iulius
742 1560 890 1644 Paullus,
912 1562 949 1627 L.
971 1564 1083 1645 Appu-

112 1644 203 1708 leius
247 1642 342 1709 Vnde
374 1644 525 1709 nonnulli
559 1610 668 1708 Plauti
699 1643 905 1726 Terentiique
939 1646 1083 1708 senarios

113 1729 267 1794 iambicos
289 1732 323 1791 et
342 1728 523 1793 trochaicos
548 1727 746 1809 septenarios
773 1727 913 1810 propriis
935 1727 1082 1790 carmini-

113 1816 173 1879 bus
187 1815 414 1878 restauravere.
453 1809 515 1876 sed
536 1810 645 1894 plures
666 1810 768 1874 multo
786 1809 897 1874 Laevii
911 1809 1082 1874 Varronis-

114 1920 177 1982 que
198 1901 231 1962 et
249 1895 432 1980 aequalium
453 1894 541 1960 hisce
557 1899 733 1960 metrorum
749 1894 1013 1959 numerositatem
1027 1916 1082 1978 ap-

112 1983 341 2067 probavenmt.
373 1978 435 2056 Qui
457 1980 547 2045 fuere
568 1979 782 2044 multiformes
813 1979 940 2062 tenelli,
964 1979 1082 2063 arguti,

113 2066 230 2131 nitoris
252 2087 349 2149 supra
364 2087 461 2149 quam
481 2065 566 2129 credi
587 2069 696 2148 potest
716 2029 865 2148 studiosi,
889 2085 1083 2148 quamquam

113 2154 236 2216 certum
258 2154 307 2214 est
332 2149 394 2215 sim
417 2149 510 2214 licem
531 2149 659 2234 pulchri
677 2151 819 2234 rectique
841 2171 971 2214 sensum
991 2147 1083 2213 nullo

112 2237 188 2302 fuco
208 2235 370 2319 nullisque
392 2172 561 2299 lenociniis
583 2257 677 2320 posse
700 2235 909 2319 compensari.
957 2233 1084 2317 Nempe

114 2322 190 2385 dum
205 2319 353 2385 varietati
368 2324 545 2384 metrorum
560 2324 593 2384 et
613 2321 790 2406 elegantiae
811 2319 1005 2402 consulitur,
1025 2318 1084 2382 mi·

113 2427 192 2471 nore
215 2427 288 2470 cum
319 2427 394 2470 cura
421 2405 605 2470 habuerrmt
632 2405 713 2470 illud
735 2427 815 2488 quae
838 2405 954 2488 cuique
977 2407 1085 2468 essent

115 2494 191 2574 apta
218 2490 361 2556 carmini.
406 2489 500 2555 Vnde
529 2495 561 2554 et
583 2488 720 2556 Serenus
746 2511 797 2554 res
824 2489 975 2553 leviculas
996 2487 1084 2553 haud

117 2598 191 2640 raro
220 2575 418 2640 cothurnatis
445 2575 647 2660 persequitur
675 2575 816 2639 numeris
839 2578 871 2638 et
892 2573 1023 2657 quidam
1044 2595 1083 2638 eo

115 2660 299 2726 dementiae,
328 2662 504 2745 progressi,
543 2662 580 2724 ut
612 2660 694 2743 epici
731 2659 880 2724 carminis
915 2659 1084 2724 materiam

115 2745 258 2809 dimetris
286 2745 432 2809 iambicis
459 2747 672 2810 attenuarent.
716 2743 788 2808 Hoc
816 2748 864 2808 est
892 2743 978 2828 quod
1005 2743 1083 2806 dicit

117 2828 335 2905 Quintilianus
362 2831 446 2894 circa
472 2828 622 2893 stilicidia
649 2827 750 2912 affici,
780 2828 818 2892 de
840 2829 1005 2893 maiestate
1026 2849 1084 2910 po-

116 2914 185 2998 puli
207 2911 347 2978 Romani
369 2913 503 2978 demisse
525 2934 619 2998 agere
642 2917 674 2978 et
696 2914 864 2978 subtiliter.

181 2996 331 3064 Ceterum
359 2998 454 3063 omisi
480 3019 590 3062 versus
612 2999 700 3083 illos,
729 2999 784 3082 qui
806 2997 891 3082 apud
913 2997 1084 3079 scriptores

114 3083 270 3149 historiae
298 3084 464 3168 Augustae
493 3087 679 3167 occurrunt,
708 3105 749 3148 ne
777 3082 940 3148 barbaries
966 3081 1084 3147 horum

115 3168 261 3233 Anniani
283 3190 320 3233 ac
341 3167 453 3234 Sereni
475 3173 508 3233 et
528 3169 726 3252 reliquorum
747 3168 891 3232 officeret
910 3165 1019 3249 nitori,
1043 3167 1085 3229 si-

114 3254 183 3319 mul
226 3253 280 3317 uia
301 3275 489 3337 persuasum
510 3257 579 3318 erat
600 3275 655 3318 eos
676 3253 790 3317 melius
811 3251 966 3316 reservari
988 3250 1085 3334 syllo-

115 3359 175 3423 gae
199 3339 206 3352 ⁴
236 3339 260 3423 ',
289 3359 352 3422 quo
377 3339 502 3421 omnia,
531 3342 691 3423 quotquot
712 3340 838 3421 extant,
862 3335 1084 3400 Romanorum

115 3424 258 3488 carmina
280 3424 449 3508 popularia
474 3424 723 3507 complectimur.
