2386 3984
24 255 25 259 κ
116 215 155 280 18
498 223 708 278 ΝΑΜΑΤΙΑΝΙ

115 399 165 458 630
222 385 336 466 Fitque
358 407 392 450 re
417 387 537 452 ortanti
559 387 699 450 carmine
721 387 840 471 praeda
861 382 950 456 levisss

176 471 306 535 Interea
327 492 380 534 ma
405 470 462 535 'dis
483 493 551 536 non
573 469 690 536 desinit
711 471 842 537 Africus
864 476 923 540 alis

221 553 400 621 Continuos
421 557 512 640 picea
532 557 619 620 nube
640 576 759 642 negare
781 556 872 622 dies..

176 640 245 705 Iam
267 641 433 706 matutinis
455 640 584 725 Hyades
606 642 770 706 oeoasibus
790 641 887 706 udae:

218 724 288 790 Iam
309 727 389 790 latet
409 726 545 790 hiberno
568 725 716 792 conditus
737 727 839 792 imbre
861 725 983 813 Lepus,

114 823 164 872 635
178 809 343 896 Exiguum
364 809 476 894 radiis,
498 810 556 874 sed
576 813 703 898 magnis
723 812 889 896 fluetibus,
913 817 1050 902 astrum,

220 894 290 972 Quo
311 893 473 959 madidam
494 896 604 960 nullus
625 898 736 961 navita
757 897 876 981 linquit
897 897 1039 964 humum.

176 979 324 1064 Namque
345 979 525 1063 procelloso
548 982 754 1065 subiungitur
776 981 909 1046 Oarioni

218 1063 478 1163 Aestiferumque
502 1064 622 1131 Canem
643 1065 768 1130 roseida
789 1066 908 1150 praeda
928 1065 1022 1152 fugit.

175 1148 325 1214 Vidimus
346 1150 458 1214 exeitrs
478 1154 616 1234 pontum
637 1150 806 1214 flavescere
829 1151 934 1215 arenis

112 1247 163 1296 640
220 1235 329 1317 Atque
352 1237 494 1299 eructato
517 1235 734 1300 vertice-rura
750 1236 836 1321 tegi:

180 1316 325 1393 Qualiter
347 1317 492 1382 Ooeanus
514 1319 628 1384 mediis
650 1319 831 1385 infunditur
852 1321 953 1406 agris,

218 1401 431 1468 Destituenda
450 1424 536 1490 rago
559 1426 631 1470 eum
652 1406 771 1490 premit
792 1428 869 1471 arva
891 1406 973 1490 salo;

177 1486 252 1554 Sive
274 1488 338 1554 alio
359 1488 479 1554 refluus
499 1494 613 1556 nostro
636 1491 811 1556 conliditur
832 1492 918 1576 orbi,

220 1572 294 1640 Sive
316 1596 449 1642 corusca
470 1577 535 1640 suis
558 1576 662 1641 sidera
682 1577 786 1660 pascit
806 1577 907 1661 aquis.

495 1864 697 1872 ——-—-—--—

331 2083 509 2156 LIBER
545 2080 858 2156 SECVNDVS.

176 2417 330 2483 Nondum
352 2418 469 2505 longus
485 2423 555 2483 erat
568 2439 627 2483 neo
648 2419 751 2483 multa
765 2417 931 2482 volumina
950 2438 1079 2503 passae,

215 2503 289 2568 Iure
311 2526 368 2568 suo
390 2507 518 2588 poterat
539 2504 668 2590 longior
690 2524 757 2568 esse
778 2502 874 2566 liber:

175 2588 295 2654 Taedia
316 2591 470 2654 continuo
492 2589 602 2654 timuit
623 2608 757 2653 censura
777 2587 896 2670 labori,

218 2673 349 2740 Sumere
370 2695 412 2739 ne
434 2675 536 2740 leaor
556 2675 631 2759 iuge
653 2675 785 2756 paveret
807 2693 896 2755 opus.

147 2757 280 2844 osaepe
303 2760 382 2825 cibis
403 2759 508 2824 adfert
529 2780 618 2823 serus
638 2757 768 2822 fastidia
784 2757 877 2820 finis:

218 2843 348 2908 Gratior
370 2848 418 2908 est
439 2843 572 2908 modieis
593 2842 762 2906 haustibus
782 2841 869 2906 unda
891 2842 953 2906 siti.

175 2928 351 2993 Intervalla
372 2929 443 2992 viae
464 2927 557 2992 fessis
577 2931 739 3012 praestare
761 2927 889 2992 videtur
956 2957 958 2962 ·

222 3011 285 3089 Qui
306 3016 399 3078 notat
419 3013 593 3096 inscriptus
613 3012 703 3077 milia
724 3013 835 3077 erebra
855 3011 947 3095 lapis.

174 3098 338 3163 Partimur
358 3097 519 3182 trepidum
539 3119 598 3182 per
618 3097 773 3183 opuscula
792 3098 870 3162 bina
889 3095 1056 3180 ruborem,

133 3197 166 3246 10
224 3181 327 3259 Quem
348 3184 447 3248 satius
468 3183 574 3249 fuerat
596 3183 783 3249 sustinuisse
805 3179 913 3246 semel.

173 3267 318 3333 Tandem
337 3269 485 3334 nimbosa
505 3269 603 3334 maris
624 3267 791 3334 obsidione
812 3264 925 3330 solutis

216 3353 336 3418 Pisano
358 3357 455 3438 portu
477 3355 614 3452 contigit
635 3354 700 3419 alta
722 3351 820 3450 sequi.

175 3438 306 3503 Arridet
327 3439 488 3522 plaeidum
503 3439 606 3504 'radiis
628 3436 841 3522 crispantrbus
862 3455 997 3520 aequor,

216 3523 260 3588 Et
281 3523 404 3589 sulcata
423 3524 487 3588 levi
508 3526 687 3588 murmurat
707 3520 795 3586 unda
815 3540 905 3585 sono.
