2386 3984
112 213 132 276 6
486 216 695 272 ΝΑΜΑΤΙΑΝΙ

114 380 295 446 assecula
314 381 462 464 promisit
484 402 624 445 summos
646 381 800 444 instantia
821 381 932 448 fasces,

219 464 254 530 Si
275 465 324 530 fas
346 468 396 529 est
415 465 541 531 meritis·
559 464 656 530 fidere
662 516 671 550 ‚
694 465 806 529 consul
828 466 898 531 erit.

175 550 320 615 Invitum
339 550 441 614 tristis
463 550 593 615 tandem
614 571 753 614 remeare
776 551 881 636 coegi:

219 633 265 700 Oc
307 656 361 717 ore
383 634 502 700 divisos
523 656 614 699 mens
635 639 744 714 tamen
764 657 830 699 una
850 639 948 700 tenet.

176 720 259 783 Tum
294 742 400 785 emum
420 719 461 784 ad
474 741 572 783 naves
587 719 730 805 gradior,
753 743 816 804 qua
829 718 937 784 fronte
952 721 1077 787 bicorni

114 818 162 866 180
219 803 377 869 Dividuus
399 804 523 868 'liberis
545 805 724 870 dexteriora
745 808 839 870 secat.

175 889 300 955 Laevus
322 889 490 954 inaccessis
511 889 627 954 fluvius
649 891 770 955 vitatur
791 890 912 973 arenis3
976 928 979 935 .

217 974 363 1058 Hospitis
384 974 513 1039 Aeneae
535 975 639 1060 gloria
660 975 729 1039 sola
749 977 867 1039 manet.

52 1125 57 1137 ,,
178 1059 222 1124 Ee
244 1059 308 1123 iam
328 1059 495 1123 nocturnis
517 1061 657 1144 spatium
677 1058 840 1123 laxaverat
861 1059 949 1122 horis

57 1140 62 1159 ‘
217 1143 367 1207 Phoebus
390 1142 561 1228 Chelarum
581 1143 749 1227 pallidiore
770 1143 855 1227 polo.

114 1241 161 1290 185
178 1229 372 1294 Cunctamur
392 1231 548 1311 temptare
570 1228 672 1292 salum
717 1231 851 1311 ortuque
873 1227 1032 1311 sedemus,

217 1311 286 1377 Nec
306 1313 397 1397 piget
419 1313 575 1395 oppositis
597 1313 665 1378 otia
686 1251 769 1377 lirre
791 1312 903 1394 moris,

178 1396 317 1462 Occidua
337 1397 437 1462 infido
460 1396 536 1462 dum
558 1399 660 1462 saevit
681 1399 808 1484 gurgite
829 1397 931 1480 Plias,

220 1480 369 1565 Dumque
391 1484 562 1566 procellosi
582 1485 736 1568 temporis
759 1484 807 1547 ira
829 1483 919 1547 calet.

178 1566 369 1717 Reppectare
390 1567 482 1633 iuvat
501 1570 640 1633 vicinam
662 1569 788 1653 saepius
809 1569 936 1652 urbem,

114 1665 162 1714 190
247 1656 262 1716 t
282 1658 409 1719 montes
431 1655 502 1718 visu
524 1654 690 1717 deficiente
712 1654 817 1736 sequi3

180 1735 317 1822 Quaque
336 1738 430 1802 duces
453 1738 538 1802 oculi
561 1739 653 1820 grata
673 1737 805 1820 regione
826 1735 991 1814 fruuntur,

217 1822 304 1886 Dum
325 1843 373 1905 se,
402 1819 488 1904 quod
509 1821 657 1903 cupiunt,
686 1840 814 1884 cernere
835 1838 929 1900 posse
950 1820 1075 1899 putant.

176 1907 245 1972 Nec
266 1907 355 1970 locus
377 1905 431 1968 ille
453 1905 534 1968 mihi
555 1904 760 1989 cognoscitur
780 1900 885 1966 indice
906 1900 1011 1983 sumu,

222 1991 286 2067 Qui
308 1989 453 2055 dominas
475 2011 562 2054 arces
585 1993 618 2053 et
640 1990 736 2071 caput
757 1987 842 2050 orbis
864 1986 977 2067 habet3

116 2089 164 2138 195
181 2074 380 2158 Quamquam
394 2075 488 2160 signa
500 2074 581 2138 levis
596 2073 681 2136 fumi
692 2071 894 2137 commendat
907 2066 1077 2152 Homerus,

220 2160 347 2224 Dilecto
371 2159 518 2242 quotiens
541 2157 646 2244 surgit
666 2158 702 2221 in
723 2160 809 2221 astra
830 2156 916 2221 solo:

180 2244 242 2310 Sed
263 2244 343 2308 caeli
364 2245 460 2329 plaga
481 2243 646 2308 candidior
665 2246 850 2326 tractusque
871 2261 1002 2304 serenus

224 2328 338 2414 Signat
360 2329 500 2412 septenis
522 2329 662 2392 culmina
683 2327 768 2392 clara
789 2327 883 2412 iugis.

177 2415 249 2478 Hlic
269 2414 417 2497 perpetui
439 2412 538 2497 soles,
561 2417 657 2496 atque
679 2413 747 2495 ipse
769 2410 895 2475 videtur

117 2513 168 2562 200
226 2498 327 2574 Quem
350 2499 411 2562 sibi
433 2497 536 2562 Roma
557 2497 636 2562 facit
656 2497 767 2581 purior
789 2517 857 2560 esse
880 2494 956 2558 dies.

178 2583 237 2648 See
261 2584 310 2648 ius
332 2584 488 2648 attonitae
509 2586 663 2648 resonant
684 2581 887 2647 Circensibus
909 2596 1017 2661 aures3

253 2669 358 2733 untiat
379 2689 530 2734 accensus
552 2668 649 2751 plena
669 2668 796 2731 theatra
816 2667 918 2728 favor.

178 2754 310 2819 Pulsate
332 2757 428 2818 notae
450 2753 628 2817 redduntur
650 2753 690 2816 ab
712 2751 840 2816 aethere
862 2769 972 2831 voces,

220 2838 283 2903 Vel
305 2838 381 2921 quia
401 2840 609 2921 perveniunt,
632 2837 684 2901 vel
706 2835 782 2920 quia
807 2835 904 2932 fingit
924 2852 1022 2898 amor.

114 2937 164 2985 205
178 2923 355 3006 Expectata
375 2923 453 2986 fides
475 2923 582 3007 pelagi
603 2926 653 2985 ter
675 2922 816 3004 quinque
838 2919 963 3001 diebus,

220 3008 307 3072 Dum
328 3007 442 3072 melior
462 3007 557 3070 lunae
580 3029 613 3070 se
635 3006 726 3070 daret
747 3027 824 3070 aura
845 3025 957 3069 novae.

179 3094 261 3157 Tum
283 3091 478 3156 discessurus
501 3091 615 3156 studiis
636 3090 772 3174 urbique
794 3090 923 3154 remitto
981 3119 1004 3182 ¹.

221 3176 417 3260 Palladium,
440 3177 567 3262 generis
589 3196 741 3261 spemque
763 3175 921 3257 decusque
942 3191 1015 3234 mc1.

182 3261 351 3326 Facundus
373 3262 499 3326 iuvenis
522 3261 690 3326 Gallorum
711 3280 814 3343 nuper
835 3258 875 3322 ab
897 3255 981 3320 arvis

115 3360 165 3409 210
223 3346 355 3430 Missus,
378 3344 517 3410 Romani
540 3346 659 3411 discere
681 3345 752 3410 iura
772 3343 845 3408 fori.

180 3432 239 3496 1111
261 3451 350 3495 meae
373 3452 480 3496 secum
502 3430 685 3495 dulcissima
706 3427 836 3493 vincula
856 3447 966 3508 curae,

221 3516 323 3581 Filius
345 3516 475 3601 affectu,
497 3516 597 3613 stirpe
618 3516 833 3598 propinquus,
855 3510 969 3576 habet:
