2386 3984
467 193 665 249 ANNIANVS.
1011 189 1053 254 35

15 357 17 364 ’
87 382 140 425 111
168 359 231 423 viri
265 357 396 422 summis
429 357 627 440 assiduisque
654 355 801 421 laudibus
827 356 888 420 hos
915 356 1053 455 Vergilii

87 465 199 510 versus
221 442 383 524 ferebant,
406 443 522 525 quibus
543 441 726 507 Volcanum
748 444 781 506 et
801 440 962 507 Venerem
983 465 1053 506 run-

88 534 158 595 ctos
179 528 359 610 mixtosque
374 528 443 591 iure
458 526 618 674 coniudgii7
640 547 708 589 rem
729 525 801 611 lege
823 531 956 591 naturae
979 549 1052 611 ope-

87 613 245 697 riendam,
274 611 454 676 verecunda
482 631 546 694 qua
567 633 619 675 am
645 611 857 675 translatione
883 614 1052 677 verborum

89 722 161 763 cum
183 696 365 762 ostenderet
386 696 682 780 demonstraretque
703 696 853 780 protexit.

150 783 322 847 Annianus
350 785 448 866 poeta
475 782 510 845 in
542 780 643 845 fundo
670 803 743 864 suo,
781 802 877 864 quem
907 782 941 845 in
974 803 1052 868 agro
1152 783 1157 793 ’

88 867 212 932 Falisco
240 865 441 951 possidebat,
470 867 592 951 agitare
619 870 688 930 erat
714 865 828 930 solitus
859 864 1053 931 vindemiam

86 952 187 1017 hilare
210 955 306 1036 atque
328 952 514 1016 amoeniter.

147 1037 253 1123 Igitur
274 1035 328 1100 hic
349 1036 400 1099 vir
414 1057 510 1120 quem
532 1039 565 1099 et
584 1035 796 1100 litteratorem
810 1039 955 1100 veterum
977 1037 1052 1100 sori-

84 1126 214 1206 ptorum
228 1120 424 1204 cumprimis
435 1121 597 1186 curiosum
611 1120 795 1204 pariterque
809 1124 938 1203 poetam
952 1121 1051 1185 fuisse

84 1207 184 1272 tradit
205 1206 328 1270 Gellius
350 1206 478 1290 scripsit
499 1205 610 1291 idyllia
632 1205 748 1288 quibus
776 1206 890 1269 ruralis
914 1207 979 1270 vita
1001 1206 1052 1270 de-

84 1293 271 1378 pingeretur
291 1291 415 1355 1111111
436 1291 593 1355 librorum
614 1312 766 1373 numer03
788 1312 849 1354 neo
864 1291 950 1354 enim
965 1291 1052 1374 quic-

86 1399 183 1460 quam
206 1375 326 1439 efficias
347 1396 440 1439 versu
463 1374 649 1439 Terentiani
673 1375 765 1439 1820.
808 1375 866 1439 Eis
889 1375 927 1439 de
949 1376 1050 1440 fundo

84 1462 142 1524 illo
172 1461 209 1523 in
237 1458 434 1522 Faliscorum
467 1463 554 1522 terra
594 1459 656 1522 sito
687 1457 820 1522 Faliscis
850 1481 970 1525 nomen
1001 1462 1050 1525 in-

85 1542 174 1608 didit.
219 1541 369 1607 Ceterum
397 1543 448 1606 his
481 1564 675 1626 quamquam
706 1541 793 1606 haud
825 1542 920 1607 dubie
953 1545 1050 1609 etiam

85 1629 206 1693 inserta
226 1626 316 1691 fuere
338 1627 458 1692 erotica
480 1627 630 1711 carmina,
645 1626 730 1690 idem
752 1630 861 1690 tamen
882 1649 1050 1713 argumen-

85 1718 154 1778 tum
181 1712 320 1796 propriis
341 1711 614 1777 Fescenninorum
642 1711 803 1794 opusculis
829 1711 956 1776 videtur
982 1736 1050 1778 esse

83 1803 276 1882 persecutus.
319 1796 405 1862 Nam
424 1797 598 1879 Ausonius,
621 1797 678 1881 qui
699 1797 786 1861 solus
807 1818 918 1862 eorum
939 1799 1050 1863 memi-

83 1884 134 1948 nit
155 1883 190 1947 in
212 1882 341 1967 epilogo
364 1883 509 1948 centonis
530 1881 684 1965 nuptialis
713 1880 777 1968 [pg.
795 1881 859 1945 214
880 1882 928 1946 ed.
951 1881 1049 1969 Bipl,

83 1969 271 2032 Annianum
304 1971 462 2032 memorat
487 1967 572 2032 inter
603 1987 657 2030 eos
689 1970 850 2051 austerae,
885 1968 942 2051 qui
971 1965 1049 2031 totis

84 2052 175 2115 libris
195 2052 347 2116 lascivam
367 2052 576 2116 tractaverint
596 2051 772 2115 materiam.

147 2134 347 2199 Difficillima
374 2139 422 2199 est
448 2137 593 2219 quaestio
622 2135 661 2199 de
689 2134 809 2200 Sereno
831 2136 976 2201 Anniani
1004 2159 1049 2202 11-

85 2224 216 2304 ctatore,
239 2241 335 2303 quam
356 2223 465 2285 tamen
485 2221 583 2306 longe
612 2221 705 2284 aliter
727 2221 955 2304 expediendam
977 2243 1049 2287 oen-

84 2327 138 2370 111
160 2327 197 2370 11
219 2304 324 2368 visum
346 2309 394 2369 est
408 2303 626 2388 Lachmanno,
649 2304 706 2389 qui
721 2305 870 2370 disseruit
885 2306 923 2370 de
945 2307 1049 2390 poetis

83 2412 164 2474 quos
186 2389 252 2454 dixi
274 2390 309 2453 in
335 2387 534 2473 praefatione
556 2389 742 2454 Terentiani
764 2389 829 2488 [pg.
852 2389 932 2455 XIII
954 2390 1047 2477 sqq.],

84 2475 139 2538 ubi
165 2475 318 2539 Anniano
345 2473 471 2539 Falisco
499 2473 715 2539 Fescenninos
745 2496 812 2538 slve
839 2474 962 2539 ludicra
983 2497 1049 2539 car-

84 2558 172 2622 mina
192 2560 358 2643 adscribit,
409 2559 472 2624 uod
500 2580 602 2657 genus
623 2559 781 2643 poematis
801 2559 972 2643 postmodo
995 2559 1048 2625 Se-

84 2642 215 2725 ptimius
236 2643 374 2709 Serenus
423 2643 529 2708 aliscrs
556 2643 622 2708 suis
643 2644 856 2708 renovaverit.
901 2643 963 2709 Sed
984 2646 1049 2729 pri-

83 2747 172 2790 mum
200 2729 343 2793 omnium
369 2730 555 2795 testimonia
586 2732 731 2792 veterum
759 2729 875 2812 quibus
903 2731 1049 2815 tangitur

83 2833 147 2894 res,
176 2810 215 2874 de
241 2832 305 2895 qua
331 2815 453 2898 agitur,
481 2836 554 2879 cum
576 2835 652 2878 cura
673 2813 889 2897 expendenda.
934 2815 1046 2900 Itaque

83 2894 169 2982 apud
190 2895 261 2959 Ter.
284 2918 335 2960 11.
360 2898 440 2963 1988
462 2921 530 2984 sqq.
552 2899 633 2964 haec
654 2898 821 2983 legrmtur:

147 2981 269 3066 syllaba
289 2985 453 3064 praeterea
473 3005 608 3049 numero
631 2982 855 3067 superadditur
875 2984 939 3048 isti.

145 3088 213 3132 non
234 3064 334 3130 refert
355 3065 473 3150 qualis,
495 3089 569 3132 cum
590 3069 632 3133 sit
653 3090 802 3153 suprema
822 3070 940 3133 futura.

145 3151 208 3216 hoo
229 3149 329 3215 refert
350 3172 442 3234 sane,
463 3151 570 3216 brevis
592 3157 629 3217 ut
649 3154 846 3237 paenultima
866 3154 940 3236 fiat,

145 3237 260 3301 ultima
281 3256 363 3334 quae
384 3238 487 3300 metro
508 3235 572 3300 fuit
592 3237 655 3301 hoc
677 3238 809 3302 inventa
830 3237 950 3303 Sereni.

147 3343 223 3385 nam
236 3321 338 3419 ⁸lyrici
359 3319 508 3404 quotiens
530 3342 588 3385 sua
608 3322 723 3387 volunt
995 3325 998 3333 l

148 3425 289 3503 carmina
308 3427 367 3504 per
387 3404 493 3503 variqs
515 3405 589 3504 dare
611 3428 722 3489 sonos,

148 3489 293 3573 pluribus
315 3491 372 3556 rlla
392 3489 495 3556 modrs
517 3493 563 3555 1ta
583 3496 715 3557 novant.

806 3609 844 3660 ‘gt
