2386 3984
137 204 178 270 28
550 211 697 267 FLORVS.

139 374 284 458 reliquiis
312 373 493 440 addendum
521 396 588 440 esse
615 375 733 439 censui.
777 374 948 442 Praeterea
978 375 1106 442 Riesius

140 459 300 524 dubitavit
313 481 355 523 an
369 460 593 543 praecedentia
606 459 670 524 tria
685 460 838 543 opuscula
860 483 941 543 quae
963 461 999 526 in
1020 462 1102 528 libro

140 543 338 610 Saimasiano
365 566 465 609 unam
490 534 643 630 paginam
671 544 795 609 duobus
821 547 966 610 versibus
997 547 1105 612 minus

140 628 311 712 complent,
333 629 381 693 ita
395 630 523 714 quidem
544 633 581 693 ut
602 630 643 694 ab
664 629 722 694 illo
745 626 868 695 ‘Flori'
891 631 1027 714 incipiat
1046 654 1104 698 no-

139 737 195 797 va,
223 712 327 778 eidem
360 715 425 780 sint
456 713 634 779 tribuenda.
680 712 768 791 Quae
801 715 910 799 opinio
943 736 1104 799 quaquam

138 798 261 862 incerta
281 799 380 864 habet
400 804 508 864 tamen
530 819 594 883 quo
617 798 865 865 commendetur.
910 798 1003 865 Certe
1024 801 1104 867 haec

139 883 283 948 carmina
310 907 378 950 non
404 883 473 948 sine
501 905 596 948 causa
624 907 708 950 nexa
732 886 768 949 in
795 885 877 949 libro
906 884 1024 967 scripto
1048 886 1103 950 sed

137 972 251 1032 mutua
277 968 457 1033 imitatione
485 971 556 1033 orta
581 969 676 1034 facile
703 969 764 1035 tibi
790 969 1004 1053 persuadebis.
1055 968 1102 1033 Si-

139 1053 267 1118 millimi
289 1056 398 1118 autem
420 1055 603 1140 argumenti
615 1075 676 1118 nec
696 1053 738 1118 ad
758 1054 815 1118 illa
836 1053 1034 1118 emendanda
1053 1054 1102 1117 in·

138 1138 217 1202 utile
244 1137 390 1220 idyllium
418 1137 575 1223 (torosis,
604 1139 691 1221 quod
716 1142 801 1202 recte
829 1159 885 1202 seu
907 1159 997 1202 secus
1017 1139 1101 1202 inter

137 1222 275 1287 Ausonii
295 1222 414 1308 legitur
436 1245 542 1306 opera.

201 1321 351 1406 Denique
370 1324 460 1387 fuere
476 1324 531 1407 qui
546 1323 637 1407 perri
663 1323 669 1336 '
684 1324 752 1388 ium
767 1323 903 1390 Veneris
924 1325 1104 1390 tribuerent

137 1405 250 1472 Floro:
272 1407 370 1472 nimis
391 1412 500 1473 tamen
521 1430 572 1473 res
593 1430 645 1472 am
667 1409 753 1496 igua.

139 1509 166 1572 1.
430 1532 490 1597 ego
513 1511 589 1576 nolo
613 1509 730 1577 Caesar
752 1534 835 1597 esse,

425 1597 566 1661 amblare
588 1618 646 1718 pekr
667 1597 843 1664 Britannos

425 1729 590 1848 Scythicis
611 1729 842 1847 pati*pruinas.

137 1863 326 1931 Sartianus
357 1866 392 1930 in
424 1865 492 1928 vita
517 1863 674 1928 Hadriani
706 1885 732 1929 c.
758 1865 806 1929 16.
834 1901 876 1910 -
911 1862 1098 1926 ‘Amblare'

164 1951 359 2034 asaubonus‚
382 1949 580 2013 ‘ambulare'
602 1971 632 2013 v.
656 1987 697 1996 —
718 1947 798 2012 Post
819 1947 994 2012 Britannos
1016 1947 1100 2011 laeu-

136 2057 212 2099 nam
239 2035 335 2099 unius
362 2055 472 2098 versus
499 2055 567 2097 esse
595 2031 751 2096 Hadriani
783 2054 937 2117 responso
970 2031 1100 2115 probari

135 2119 302 2185 adnotavit
322 2117 470 2183 Jahnius.

425 2202 474 2290 [de
497 2202 652 2286 qualitate
674 2202 799 2289 vitium]

136 2305 166 2370 2.
211 2303 352 2388 Bacche,
374 2304 443 2369 vini
464 2309 500 2370 tu
522 2308 680 2388 repertor,
702 2305 817 2388 plenus
839 2303 924 2368 adsis
945 2303 1079 2388 vitibus,

215 2389 327 2454 affluas
349 2389 474 2455 dulcem
496 2389 653 2474 liquorem
676 2389 916 2473 conparandum
937 2389 1073 2471 nectari,

216 2474 445 2624 conditumpue
466 2475 519 2539 fac
540 2478 716 2558 vetustum,
739 2496 780 2538 ne
802 2473 954 2559 malignis
975 2474 1102 2538 venrdis

215 2582 363 2644 asperum
398 2564 473 2625 ucat
492 2582 649 2644 saporem,
671 2581 782 2624 versus
797 2581 891 2623 usum
905 2559 941 2623 in
954 2558 1100 2624 alterum.

198 2659 239 2726 In
267 2663 312 2727 eis
340 2663 534 2727 carminibus
562 2682 643 2746 quae
666 2659 864 2726 Salmasiano
892 2663 924 2724 et
945 2659 1101 2725 Thuaneo

135 2745 227 2810 libris
248 2746 367 2811 tradita
389 2751 515 2830 extant,
543 2767 587 2811 ne
607 2745 726 2810 nimius
749 2766 851 2808 essem
871 2766 940 2809 non
960 2745 1024 2810 nisi
1044 2767 1100 2829 po-

135 2830 274 2896 tissimas
302 2831 536 2917 dittographias
564 2830 714 2914 adposui,
743 2851 816 2894 cum
843 2829 985 2913 reliquae
1012 2829 1101 2894 facili

136 2936 234 2999 opera
254 2916 322 3001 peti
344 2917 471 3014 possint
491 2937 530 2979 ex
551 2914 652 2979 Riesii
673 2915 822 2999 sylloge

198 2999 249 3066 De
271 3002 426 3085 quahtate
447 3000 578 3082 vitium3
608 2999 760 3064 ‘vitium'
784 3020 862 3084 ego;
885 3000 1007 3064 ‘vitae’
1030 2998 1099 3064 cdd.

134 3123 177 3133 -
191 3085 233 3151 V.
248 3085 279 3169 2,
295 3085 407 3170 scripsi
430 3085 515 3149 ‘vini
529 3089 582 3149 tu'
604 3106 663 3169 pro
686 3085 835 3149 ‘vitium’
860 3085 926 3148 sive
950 3084 1100 3164 ‘vitum'‚

135 3170 222 3255 quod
243 3171 372 3254 irrepsit
391 3170 543 3235 mendum
559 3191 597 3234 ex
612 3191 650 3234 eo
666 3170 752 3253 quod
774 3170 918 3253 sequitur
940 3168 1099 3233 ‘vitibust

135 3255 186 3320 Ita
212 3256 282 3321 vini
309 3259 454 3341 repertor
482 3255 597 3320 dicitur
618 3254 764 3319 Bacchus
792 3277 812 3319 a
838 3253 961 3318 Rutilio
984 3252 1101 3318 Nama

133 3341 224 3406 tiano
251 3341 281 3425 I,
304 3342 354 3406 73.
382 3378 424 3390 -
451 3341 494 3405 ib.
516 3341 538 3404 2
565 3341 851 3423 ‘comparandum'
878 3337 915 3402 T.
943 3375 987 3386 -·
1014 3338 1056 3403 ib.
1079 3338 1101 3402 3

135 3428 212 3490 ‘ne’
235 3426 272 3511 Τ,
295 3431 389 3491 ‘neo'
412 3424 443 3490 S.
467 3465 509 3474 —
531 3425 574 3490 ib.
596 3425 618 3488 4
641 3426 811 3489 ‘altorum’
835 3422 936 3506 docti3
961 3423 1101 3488 ‘altero'

135 3509 172 3594 Τ,
196 3512 348 3576 ‘alteros’
371 3509 403 3577 S.
955 3571 957 3575 .
