2386 3984
362 252 365 257 ,
470 232 668 288 Annianus.
795 198 798 202 ’
1007 229 1049 292 41

89 391 202 466 modos
224 396 390 462 deduxisse
434 395 594 460 loriatur?
614 395 684 460 Nec
699 418 775 462 vero
789 396 961 462 Annianus
983 397 1054 462 ideo

89 484 232 550 Faliscus
253 484 350 566 poeta
371 504 411 546 au
436 481 460 546 't
473 479 561 563 quod
574 479 773 546 Faliscorum
794 482 972 547 carminum
991 481 1055 547 edi·

89 570 137 634 dit
157 568 257 633 libros
279 565 334 630 sed
357 566 442 650 quod
463 565 600 630 fundum
620 566 656 630 in
683 587 761 652 agro
784 565 909 632 Falisco
930 567 1053 633 habuit.

153 653 240 729 Quae
261 673 334 716 oum
356 651 402 715 ita
423 672 457 715 se
479 650 628 733 habeant,
650 655 784 734 apparet
803 652 874 717 falli
895 652 951 737 qui
966 651 1054 718 Sere-

88 761 167 803 num
182 737 380 803 Faliscorum
395 735 573 799 carminum
587 734 706 801 librum
727 737 944 820 composuisse
965 738 1054 802 testi—

89 823 206 888 moniis
233 826 378 886 veterum
406 819 540 885 credunt
567 818 704 905 adstrui3
737 843 842 906 neque
871 844 910 887 ea
936 843 994 906 per
1021 844 1055 886 se

90 908 200 993 opinio
232 907 379 971 umbram
411 905 509 969 habet
540 905 785 988 probabilitatis.
830 904 914 982 Quid
941 905 1055 971 enim?

88 994 259 1058 Annianus
287 1012 360 1056 oum
382 988 514 1063 Sueium
541 993 668 1055 secutus
695 995 728 1056 et
754 990 909 1055 Laevium
936 990 1055 1076 idylliis

88 1079 154 1144 suis
176 1098 258 1161 quae
278 1076 443 1159 inscripsit
462 1074 588 1139 Falisca
614 1075 730 1140 ruralis
751 1076 837 1140 vitae
865 1077 1056 1141 suavitatem

88 1161 300 1246 descripserit,
321 1182 431 1225 nonne
453 1159 588 1225 eandem
601 1160 697 1310 plane
715 1161 882 1226 materiam
896 1161 1055 1226 ruralibus

89 1248 250 1333 opusculis
276 1249 429 1310 tractasse
459 1248 586 1310 00111111
631 1245 822 1330 eptimium?
866 1244 928 1322 Qui
956 1245 1057 1331 igitur

89 1355 174 1398 unus
194 1332 293 1396 homo
315 1329 400 1394 idem
415 1333 641 1415 argumentum
663 1330 760 1394 etiam
782 1331 884 1396 altero
906 1351 1056 1415 recoque·
1151 1347 1153 1351 ’

90 1421 141 1482 101
163 1415 282 1499 opere?
309 1413 395 1478 Nam
415 1412 496 1477 illud
517 1415 611 1478 mitto
633 1415 740 1497 ipsum
761 1414 960 1481 Faliscorum
980 1417 1056 1480 titu-

88 1503 166 1582 lum,
188 1520 261 1562 oum
275 1497 459 1581 aptissimus
480 1497 523 1564 sit
543 1497 635 1562 libris
649 1498 803 1581 Anniani,
825 1501 971 1582 ineptum
988 1511 1056 1565 esse

90 1583 203 1650 Seram
224 1583 427 1665 carminibus,
449 1581 512 1646 nisi
533 1581 618 1646 forte
639 1582 735 1647 etiarn
756 1582 844 1647 hunc
864 1582 1001 1648 fundum
1021 1585 1057 1649 in

89 1669 289 1734 Faliscorum
310 1688 388 1753 agro
410 1665 588 1750 possedisse
610 1666 870 1734 existimabimus.

154 1753 304 1820 Ceterum
326 1774 368 1816 ne
389 1751 470 1815 illud
485 1751 614 1836 quidem
636 1756 686 1816 sat
707 1756 834 1816 constat
847 1750 988 1818 fueritne
1009 1774 1057 1818 re-

90 1861 176 1923 vera,
198 1837 233 1902 id
254 1836 341 1922 quod
361 1837 459 1922 vulgo
483 1835 625 1921 credunt,
649 1837 794 1921 exemplo
817 1838 988 1902 Annianus
1004 1837 1057 1903 Se-

88 1945 177 1990 reno.
220 1923 334 2006 Neque
361 1926 471 1987 tamen
497 1925 606 2006 potest
630 1923 744 2008 negari
766 1922 952 2006 opinionem
973 1922 1057 1987 hanc

90 2030 148 2073 sua
175 2007 304 2073 defendi
354 2006 567 2072 robabilitate.
610 2006 697 2071 Nam
723 2007 809 2072 idem
835 2007 931 2092 plane
964 2028 1057 2093 argu-

77 2096 235 2157 mentum
262 2096 295 2156 et
321 2029 454 2155 Faliscis
481 2091 675 2156 carminibus
704 2096 737 2157 et
764 2092 925 2176 opusculis
945 2093 1057 2157 rurali·

89 2178 166 2261 bus,
196 2176 309 2240 similis
336 2176 465 2260 utrique
491 2179 605 2259 poetae
634 2177 798 2241 variorum
819 2178 940 2261 pariter
961 2181 1057 2261 atque

89 2261 302 2327 insolentium
324 2264 499 2325 metrorum
521 2282 624 2344 amor,
646 2265 685 2326 ut
706 2262 853 2327 omittam
875 2283 1057 2346 comparem

88 2350 258 2432 poetarum
273 2345 422 2431 Augusto
443 2345 588 2428 priorum
610 2346 867 2411 aemulationem.
894 2347 945 2411 Ita
960 2347 1057 2410 etiam

89 2431 327 2516 paroemiacum
348 2451 518 2494 numerum
540 2430 909 2514 utrumqueadhibuisse
923 2434 1057 2514 constat,

90 2536 193 2600 neque
220 2519 270 2582 est
295 2537 353 2580 cur
379 2513 535 2580 Serenum
562 2515 710 2582 Calabria
736 2519 839 2580 metro
866 2537 961 2580 usum
988 2537 1057 2579 0110

90 2619 257 2685 negemus,
286 2600 373 2685 quod
399 2599 556 2684 placuisse
584 2600 634 2664 sui
661 2599 815 2684 temporis
842 2599 951 2684 lyricis
978 2599 1056 2664 satis

91 2687 200 2767 aperte
222 2684 361 2750 declarat
382 2684 595 2750 Terentianus
616 2706 667 2748 vv.
693 2683 776 2749 1992
798 2706 866 2769 sqq.
895 2719 938 2732 -
965 2684 1055 2750 Cete-

90 2768 271 2918 111
295 2771 400 2918 1
425 2770 724 2920 Ἣ
847 2768 1056 2940 1111

90 2937 232 3003 carmine
259 2873 365 3021 sidqliid
385 2903 431 3003 ’ab
462 2939 525 3004 hoc
557 2946 712 3024 posuero’
743 2939 870 3004 abunde
902 2904 1057 3004 declarari

91 3022 239 3089 existimo
265 3043 334 3086 non
359 3022 508 3107 ignotum
533 3046 639 3109 neque
665 3024 842 3110 inglorium
868 3023 968 3088 fuisse
989 3025 1056 3096 An-

90 3109 226 3173 nianum
248 3106 334 3191 apud
355 3107 473 3171 saeculi
486 3108 536 3172 ΙΠ
555 3108 713 3174 homines.
747 3108 825 3174 Mox
840 3108 958 3173 sensim
972 3106 1057 3172 idem

91 3193 178 3257 abire
205 3192 241 3258 in
268 3190 473 3268 oblivionem.
518 3191 610 3259 Certe
642 3196 769 3277 praeter
789 3193 996 3259 Victorinum
1024 3195 1057 3256 et

90 3277 272 3342 Ausonium
292 3275 444 3341 disertam
466 3276 534 3341 eius
560 3278 758 3343 mentionem
778 3278 897 3342 factam
918 3299 986 3342 non
1007 3276 1055 3340 in-

90 3363 233 3446 veneris3
261 3383 367 3447 neque
394 3363 444 3426 sat
470 3364 612 3444 constat,
639 3361 804 3439 Boethius¹
819 3363 875 3446 qui
901 3361 937 3426 in
963 3361 1055 3425 libris

91 3444 129 3509 de
157 3448 377 3512 consolatione
404 3445 629 3531 philosophiae
657 3446 734 3598 [fflae
764 3447 805 3535 1]·
825 3446 970 3511 versibus
998 3445 1055 3529 qui

90 3534 167 3594 sunt
188 3532 260 3615 ‘qui
282 3553 385 3597 serare
407 3531 563 3618 ingenum
583 3532 656 3598 vole
693 3553 821 3619 agrum,
843 3531 959 3597 liberat
980 3551 1057 3596 arva
