2386 3984
505 202 691 259 APVLEIVS.

359 466 361 469 ’
425 452 489 528 HI.
533 453 777 528 APVLEIVS.

334 635 359 699 I.
405 635 538 702 LIBER
558 635 857 703 LVDICRORVM.

181 784 233 851 Ex
260 787 344 854 libro
365 787 567 852 'ludicrorum
595 811 676 873 quae
705 795 830 856 servata
858 795 934 856 sunt
959 798 1086 876 praeter

117 893 220 936 unum
245 895 373 939 versum
400 872 554 958 leguntur
582 873 617 938 in
644 876 796 962 apologia
823 879 854 940 A
876 875 950 941 ulei.
995 877 1086 943 Cete-

117 957 475 1107 fflddffismm
503 956 629 1023 Falisca
650 961 792 1024 carmina
813 960 847 1024 lu
872 961 936 1026 ‘cra
957 964 1085 1027 vocavit

119 1145 146 1208 1.
184 1142 417 1226 Calpurniam,
439 1144 526 1208 salve
548 1144 694 1227 properis
716 1145 870 1209 versibus.

178 1227 267 1309 misi,
290 1231 328 1291 ut
348 1228 474 1311 petisti,
496 1227 697 1292 mundicinas
719 1228 863 1294 dentium
870 1281 887 1315 „

178 1311 295 1375 nitelas
319 1312 385 1377 oris
407 1334 445 1376 ex
467 1312 614 1376 Arabicis
635 1312 798 1400 frugibus,

176 1399 322 1480 tenuem,
346 1395 551 1481 candificum,
574 1399 718 1464 nobilem
739 1399 968 1487 pulvisculum,

177 1481 452 1565 complanatorem
474 1482 651 1568 tumidulae
699 1485 706 1498 '
732 1485 876 1571 givulae,

178 1567 431 1633 conuerritorem
452 1568 618 1653 pridianae
641 1591 676 1634 re
692 1571 811 1655 'quiae,

176 1673 301 1736 nequae
323 1653 446 1718 visatur
466 1657 550 1719 tetra
571 1653 659 1718 labes
682 1654 839 1738 sordium,

176 1738 331 1803 restrictis
352 1739 437 1803 forte
459 1738 487 1801 si
507 1737 633 1800 labellis
655 1738 772 1802 riseris.

114 1837 177 1922 Ap.
200 1839 283 1923 apol.
313 1859 367 1923 pg.
390 1839 452 1902 391
476 1837 523 1901 ed.
547 1835 645 1901 Oud.:
673 1838 778 1920 primo
807 1839 907 1922 igitur
933 1832 1081 1922 legerunt

117 1944 134 1986 e
156 1922 287 1988 ludicris
309 1922 494 2006 epistolium
509 1920 547 1984 de
562 1920 744 1987 dentifricio
759 1921 905 1986 versibus
927 1922 1081 2005 scriptum

116 2008 157 2072 ad
179 2007 338 2092 quendam
360 2005 622 2089 Calpurnianum.

176 2108 254 2173 Va
276 2107 511 2171 ‘mundicinas'
534 2106 671 2191 Lipsius,
694 2106 762 2172 cdd.
780 2106 988 2172 ‘munditias’
1011 2108 1078 2172 sive

114 2193 338 2257 ‘mmfficiasz
597 2268 599 2272 Α

114 2294 145 2360 2.
178 2297 211 2358 et
232 2292 349 2359 Critias
370 2316 443 2358 mea
464 2293 609 2359 deliciast
630 2298 662 2358 et
684 2295 786 2378 salva,
810 2293 967 2378 Charine,

219 2401 293 2463 pars
315 2378 350 2443 in
372 2401 480 2445 amore
503 2401 590 2463 meo,
613 2379 695 2464 vita,
716 2380 778 2444 tibi
798 2383 951 2444 remanet.

176 2486 217 2529 ne
232 2468 372 2530 metuas:
393 2486 470 2530 nam
484 2486 535 2530 me
550 2464 636 2550 ignis
651 2468 684 2529 et
697 2464 784 2550 ignis
798 2467 929 2562 torreat,
949 2467 986 2528 ut
1000 2464 1080 2549 vult,

218 2550 314 2615 hasce
335 2549 414 2614 duas
435 2550 595 2634 flammas,
618 2548 694 2613 dum
714 2549 836 2634 potior,
858 2553 972 2632 patrer.

176 2633 239 2699 hoo
252 2634 353 2709 modo¹
364 2635 426 2700 sim
436 2635 537 2719 vobis,
552 2657 636 2700 unus
651 2635 712 2698 sibi
742 2634 855 2717 uisque
867 2632 954 2718 quod
967 2634 1076 2718 ipsest.

218 2719 282 2784 hoc
303 2719 385 2784 mihi
406 2743 464 2785 vos
486 2720 590 2804 eritis,
613 2717 700 2804 quod
721 2656 784 2784 duo
807 2723 883 2783 sunt
904 2719 997 2784 oculi.

175 2820 272 2904 Apol.
300 2841 354 2905 pg.
377 2821 457 2886 401:
484 2821 581 2886 venio
609 2819 650 2885 ad
676 2825 798 2886 ceteros
820 2841 944 2906 versus,
973 2824 1010 2885 ut
1030 2820 1081 2884 illi

117 2909 249 2989 vocant,
271 2906 459 2989 amatorios,
488 2927 569 2990 quos
590 2909 698 2970 tamen
720 2909 787 2970 tam
809 2904 887 2970 dure
909 2909 941 2971 et
962 2905 1080 2970 rustice

112 2990 235 3075 legere,
262 2994 300 3055 ut
331 2990 440 3056 odium
471 2995 648 3055 moverent.
693 2988 757 3056 Sed
784 2990 861 3075 quid
888 2991 929 3055 ad
954 2989 1082 3075 magica

113 3074 279 3160 maleficia,
302 3074 389 3159 quod
403 3095 464 3160 ego
478 3097 595 3160 pueros
611 3073 759 3141 Scriboni
774 3075 876 3160 Laeti,
896 3076 991 3140 amici
1004 3075 1079 3158 mei,

115 3160 256 3225 carmine
275 3159 428 3225 laudavi?
450 3163 504 3225 An
525 3160 597 3226 ideo
619 3182 742 3247 magus,
765 3161 840 3245 quia
861 3159 979 3244 poeta?
1000 3159 1080 3223 reci-

115 3250 182 3310 tem
208 3245 322 3328 denuo,
344 3249 382 3309 ut
403 3245 506 3311 sciant
526 3268 578 3312 me
600 3268 711 3311 eorum
731 3268 800 3311 non
820 3240 939 3330 pigere.

176 3329 253 3396 V.1
280 3329 411 3396 ‘delicia
436 3335 485 3395 est
509 3335 560 3396 et'
588 3330 788 3417 Kruegerus,
814 3328 922 3394 ‘deliti
945 3332 1025 3394 stet’
1049 3380 1078 3394 ..

113 3414 334 3500 Victorianus,
367 3415 565 3481 ‘delitescet'
587 3415 810 3499 Florentinus,
838 3418 876 3478 ut
901 3418 1010 3480 tamen
1031 3415 1080 3480 ul-

112 3500 209 3565 timae
231 3523 286 3566 sex
307 3501 432 3566 litterae
454 3524 496 3566 m.
518 3501 539 3564 2
561 3501 697 3586 scriptae
719 3501 784 3565 sint
804 3499 840 3563 in
861 3521 979 3565 rasura.
