2386 3984
117 189 138 255 8
493 199 703 280 ulnarum

178 360 211 426 N
213 384 255 426 on
276 362 343 426 illic
365 366 461 446 gustu
482 364 591 428 latices
613 364 769 429 vitiantur
790 387 913 450 amaro,

221 446 407 531 Lymphave
430 447 572 512 fumifico
595 447 747 532 sulphure
768 449 871 513 tincta
892 452 989 516 calet:

179 532 283 596 Purus
306 531 386 596 odor
407 533 576 617 mollisque
599 555 694 616 sapor
716 533 861 598 dubitare
883 535 1051 602 lavantem

222 615 332 701 Cogit,
355 639 419 701 qua
439 618 552 682 melius
573 621 664 701 parte
682 622 833 702 petantur
854 641 964 701 aquae.

115 717 164 765 255
180 701 315 768 Credere
337 702 365 766 si
387 701 520 787 dignum
541 702 661 787 famae,
683 703 853 789 flagrantia
874 708 985 768 taurus

220 786 419 873 Investigato
441 786 532 851 fonte
554 787 681 853 lavacra
702 788 802 873 dedit,

178 872 225 937 Vt
246 872 328 936 solet
350 871 491 935 excussis
512 893 656 962 pumam
677 873 862 957 praeludere
884 872 1003 958 glebis,

221 955 337 1039 Stipite
359 977 433 1020 cum
453 956 558 1042 rigido
581 979 702 1022 cornua
722 980 825 1042 prona
846 958 937 1022 terit:

178 1041 252 1108 Sive
275 1041 367 1123 deus,
388 1039 504 1105 faciem
525 1043 678 1107 mentitus
701 1047 733 1106 et
755 1065 811 1107 ora
831 1043 976 1120 iuvenci,

114 1141 165 1190 260
221 1124 337 1190 Noluit
358 1125 498 1189 ardentis
520 1126 606 1190 dona
626 1127 725 1191 latere
747 1127 824 1210 soli;

178 1211 287 1287 Qualis
309 1211 472 1294 Agenorei
497 1215 646 1293 rapturus
668 1211 785 1308 gaudia
804 1211 884 1275 furti

220 1295 281 1358 Per
302 1293 386 1358 freta
407 1295 588 1379 virgineum
610 1295 796 1360 sollicitavit
818 1318 909 1361 onus.

176 1379 287 1444 Ardua
307 1401 375 1443 non
397 1377 483 1444 solos
506 1379 638 1444 deceant
658 1381 812 1446 miracula
834 1381 958 1446 Graios.

218 1466 394 1528 Auctorem
415 1463 569 1548 pecudem
590 1466 664 1531 fons
686 1465 852 1532 Heliconis
873 1467 989 1531 habet:

112 1562 162 1613 255
176 1548 309 1613 Elicitas
332 1549 429 1613 simili
451 1550 615 1615 credamus
638 1552 762 1636 origine
784 1551 946 1636 lymphas,

218 1634 383 1699 Musarum
404 1639 442 1699 ut
463 1636 573 1700 latices
594 1637 716 1720 ungula
736 1637 820 1700 fodit
840 1637 923 1718 equi.

175 1720 264 1784 Haeo
286 1741 413 1803 quoquc
435 1719 549 1783 Pieriis
571 1720 729 1801 spiracula
751 1725 915 1801 comparat
936 1721 1042 1783 antris

219 1803 368 1870 Carmine
389 1802 557 1867 Messallae
579 1803 768 1866 nobilitatus
790 1823 881 1886 ager3

175 1890 418 1970 intrantemque
441 1887 527 1970 capit
552 1887 828 1969 discedentemque
850 1889 993 1950 moratur

113 1989 164 2037 270
221 1972 372 2039 Postibus
394 1971 533 2036 adfixum
555 1971 646 2036 dulce
667 1993 783 2055 poema
804 1971 910 2035 sacris,

176 2059 239 2124 Hic
261 2061 324 2141 est,
347 2057 403 2140 qui
424 2057 528 2140 primo
551 2057 666 2120 seriem
688 2055 726 2120 de
749 2054 887 2120 Consule
910 2055 1015 2138 ducit,

218 2143 328 2227 Vsque
351 2141 391 2205 ad
412 2141 595 2206 Publicolas
616 2143 644 2205 si
665 2140 830 2205 redeamus
851 2162 943 2205 avos:

177 2228 240 2292 Hic
262 2232 294 2291 et
316 2226 469 2310 praefecti
491 2230 572 2290 nutu
594 2226 755 2309 praetoria
776 2225 867 2290 rexit.

220 2311 283 2378 Sed
304 2312 405 2376 menti
428 2313 461 2374 et
481 2311 611 2396 linguae
634 2311 738 2396 gloria
758 2311 862 2376 maior
883 2310 976 2374 inest.

113 2411 163 2460 275
177 2397 240 2462 Hic
261 2396 384 2480 docuit,
409 2395 536 2480 qualem
557 2401 658 2480 ponat
678 2395 829 2460 facundia
849 2397 963 2480 legem.

218 2482 265 2547 Vt
285 2482 390 2547 bonus
414 2502 483 2545 0550
504 2481 584 2545 velit
605 2481 755 2565 quisque,
778 2479 914 2544 disertus
936 2479 1009 2542 erit.

175 2566 314 2632 Roscida
334 2566 472 2650 puniceo
493 2565 612 2630 fulsere
638 2564 824 2649 crepuscula
845 2565 948 2629 caelo:

217 2651 392 2716 Pandimus
414 2651 545 2735 obliquo
567 2651 668 2715 lintea
688 2651 771 2714 flexa
791 2649 873 2714 sinu.

174 2737 342 2819 Paulisper
363 2737 440 2801 litus
461 2735 603 2820 fugimus
625 2734 781 2799 Munione
802 2734 972 2798 vadosum:

111 2836 163 2885 280
220 2819 373 2904 Suspecto
395 2820 558 2904 trepidant
580 2820 662 2886 ostia
682 2841 781 2902 parva
803 2819 880 2884 salo.

173 2905 252 2970 1010
275 2905 499 2971 Gravisoarum
520 2904 651 2990 fastigia
671 2926 743 2968 rara
764 2904 923 2987 videmus,

218 2989 302 3066 Quas
324 2991 442 3074 premit
463 2989 601 3053 aestivae
624 3010 717 3072 saepe
738 2989 864 3073 paludis
887 2989 984 3053 odor:

176 3074 239 3140 Sed
260 3096 430 3140 nemorosa
451 3074 534 3138 viret
556 3075 662 3139 densis
684 3075 802 3138 vicinia
823 3074 920 3156 lucis,

216 3160 380 3243 Pineaque
403 3159 552 3224 extremis
574 3160 707 3223 fluctuat
728 3161 841 3223 umbra
862 3157 964 3220 fretis.

114 3259 165 3309 285
181 3245 350 3312 Cernimus
372 3246 519 3328 antiquas
541 3244 631 3309 nullo
654 3244 784 3308 custode
805 3242 915 3307 ruinas

216 3330 261 3395 Et
281 3328 441 3395 desolatae
463 3330 591 3394 moenia
611 3329 706 3393 foeda
728 3327 837 3394 Cosae.

174 3415 354 3480 Ridiculum
376 3413 473 3479 eladis
494 3414 594 3498 pudet
615 3414 700 3478 inter
721 3413 803 3477 seria
824 3431 956 3475 oausam

218 3499 386 3565 Promere:
408 3498 464 3562 sed
484 3499 584 3564 risum
607 3498 805 3562 dissimulare
826 3495 927 3580 piget.
