2386 3984
457 199 564 253 LIBER
585 198 729 254 PRIMVS.
1041 193 1080 256 15

111 371 255 434 Aversor
277 364 440 447 scopulos,
463 362 571 427 damni
592 366 802 427 monumenta
822 365 973 429 recentis:

155 450 304 515 Perditus
325 449 378 514 hic
399 449 473 512 vivo
495 447 608 512 funere
631 448 708 511 civis
731 451 807 513 erat.

112 537 234 602 Noster
256 535 341 599 enim
362 555 466 616 nuper
487 533 612 596 iuvenis
634 533 809 596 maioribus
831 534 960 618 amplis,

157 620 225 685 Nec
248 641 344 683 censu
366 619 501 682 inferior
523 618 714 702 coniugiove
735 618 857 702 minor,
1028 631 1079 680 520

113 706 272 789 Impulsus
294 703 401 785 furiis,
424 703 571 766 homines
594 707 759 786 terrasque
780 702 924 787 reliquit,

154 790 198 854 Et
218 793 347 872 turpem
368 788 524 851 latebram
546 787 692 851 credulus
714 787 787 851 exul
808 787 883 852 adit.

112 875 228 940 Infelix
249 876 343 957 putat
364 872 474 936 illuvie
498 872 646 936 caelestia
666 872 769 955 pasci,

154 958 259 1043 Seque
280 957 398 1041 premit
419 957 513 1021 laesis
536 957 661 1022 saevior
682 957 750 1040 ipse
773 956 850 1021 deis

111 1044 204 1128 Non,
227 1063 322 1127 rogo,
346 1042 484 1106 deterior
506 1040 625 1106 Oirceis
648 1045 734 1106 secta
754 1042 911 1106 venenis?
1029 1055 1080 1104 525
1150 1121 1152 1125 ¹

153 1129 244 1192 Tunc
266 1129 473 1211 mutabantur
495 1149 645 1210 corpora,
671 1148 758 1190 nunc
780 1127 889 1191 animi.

110 1213 190 1278 lnde
212 1213 417 1277 Triturritam
438 1213 593 1296 petimus:
616 1212 662 1276 sic
684 1211 762 1276 villa
783 1216 930 1295 vocatur,

154 1298 243 1374 Quae
264 1298 328 1361 late
351 1297 491 1380 expulsis
512 1298 618 1362 insula
639 1318 741 1380 paene
763 1295 864 1361 fretis
932 1378 934 1382 μ

110 1383 259 1466 Namque
281 1404 380 1444 manu
401 1383 519 1445 iunctis
541 1381 686 1464 procedit
706 1382 741 1445 in
764 1403 904 1465 aequora
925 1383 1024 1465 saxis,

156 1466 281 1548 Quique
305 1464 435 1527 domum
456 1467 579 1548 posuit,
602 1465 745 1528 condidit
767 1470 840 1530 ante
863 1467 975 1531 solum.
1026 1479 1078 1529 530

113 1550 311 1633 Contiguum
332 1549 441 1631 stupui
463 1553 607 1631 portum,
630 1570 725 1632 quem
739 1548 826 1612 fama
840 1549 1024 1634 frequentat

176 1633 323 1698 Pisarum
345 1634 488 1716 emporio
512 1633 694 1716 divitiisque
716 1633 822 1696 maris.

111 1718 195 1782 Mira
216 1719 280 1783 loci
301 1717 408 1782 facies.
452 1717 573 1802 Pelago
595 1719 765 1802 pulsantur
787 1723 897 1801 aperto

151 1803 255 1887 Inque
278 1823 389 1867 omnes
410 1806 525 1868 ventos
547 1803 643 1868 litora
664 1803 751 1866 nuda
771 1806 900 1886 patent:

108 1887 186 1953 Non
207 1888 293 1952 ullus
314 1887 435 1971 tegitur
456 1910 514 1971 per
535 1888 666 1952 brachia
686 1888 763 1952 51150Ι
779 1909 936 1972 recessus,
1027 1904 1078 1952 535

152 1973 282 2037 Aeolias
304 1972 407 2056 possit
429 1974 485 2055 qui
506 1973 676 2056 prohibere
698 1974 817 2037 minas:

111 2055 174 2120 sed
193 2079 327 2140 procera
347 2079 406 2121 suo
428 2058 626 2140 praetexitur
647 2059 720 2143 alga
741 2057 919 2141 profundo,

153 2139 295 2204 Molliter
317 2142 456 2206 offensae
477 2165 545 2206 non
566 2144 714 2207 nocitura
734 2143 811 2225 rati3

109 2225 154 2289 Et
176 2229 284 2289 tamen
306 2226 434 2290 insanas
457 2226 596 2292 cedendo
619 2227 785 2312 interligat
806 2227 923 2311 undas,

152 2310 184 2375 N
186 2332 221 2374 ec
244 2311 323 2373 sinit
344 2332 383 2374 cx
405 2311 470 2374 alto
492 2312 613 2396 grande
635 2313 787 2377 volumen
809 2313 871 2396 agi.
1027 2328 1078 2377 540

109 2395 269 2480 Tempora
289 2395 412 2480 navigii
435 2396 537 2460 clarus
558 2401 761 2481 reparaverat
781 2397 901 2461 Eurus:

152 2479 214 2544 sed
236 2480 317 2545 mihi
339 2480 527 2544 Protadium
549 2483 651 2546 visere
674 2504 749 2546 cura
770 2482 848 2565 fuit3

112 2561 212 2635 Quem
235 2567 290 2648 qui
311 2565 395 2630 forte
418 2565 497 2629 velit
519 2567 612 2630 certis
635 2588 827 2652 cognoscere
849 2567 950 2648 signis
955 2617 964 2648 ‚

152 2646 289 2713 Virtutis
312 2651 474 2733 specimen
496 2651 590 2715 corde
612 2651 719 2715 videre
741 2654 846 2734 putet:

109 2729 179 2795 Nec
201 2735 303 2816 magis
325 2734 442 2800 efficiet
464 2737 601 2800 similem
622 2737 747 2820 pictura
769 2736 890 2816 colore,
1026 2751 1077 2800 545

154 2813 257 2890 Quam
279 2839 358 2900 quae
381 2820 420 2884 dc
442 2821 565 2885 meritis
587 2822 688 2885 mixta
709 2822 813 2905 figura
835 2820 933 2884 venit.

108 2900 304 3050 Aspicienda
324 2906 437 3001 procul
459 2911 545 2970 certo
566 2906 738 2990 prudentia
759 2906 865 2986 vultu,

49 3026 51 3033 ’
109 3069 158 3136 sa
179 2991 908 3168 stt?tttlatttttttttttn2

150 3155 255 3220 Testis
277 3155 381 3221 Roma
402 3157 451 3219 sui
472 3161 627 3240 praesulis
651 3182 718 3224 esse
740 3163 854 3243 potest.
1025 3175 1075 3222 550

110 3237 283 3305 Substituit
303 3241 417 3324 patriis
439 3242 613 3308 mediocres
634 3244 770 3308 Vmbria
791 3245 895 3309 sedes:

151 3324 263 3390 Virtus
285 3325 450 3390 fortunam
472 3326 549 3390 fecit
570 3332 737 3413 utramque
759 3352 877 3413 parem.

108 3405 201 3472 Mens
223 3411 343 3476 invicta
364 3412 426 3476 viri
447 3434 507 3495 pro
530 3413 655 3498 magnis
677 3437 778 3497 parva
798 3418 922 3493 tuetur,

151 3492 215 3558 Pro
236 3497 344 3578 parvis
365 3497 473 3562 animo
496 3518 614 3583 magna
635 3498 723 3563 fuere
746 3521 814 3564 suo.
