2386 3984
138 191 181 256 56
441 192 590 252 INCERTI
605 193 803 251 AVCTORES.

163 360 190 423 7.
234 359 361 422 hostem
383 361 523 507 tegerest
543 362 673 441 paratus
695 361 728 422 et
749 361 813 422 stat
835 357 903 442 ipse
924 356 1037 422 nudus.

204 443 274 508 Ter.
298 465 327 508 v.
350 442 414 506 204
437 493 443 507 .

161 528 190 592 8.
256 528 368 591 urbem
390 531 519 591 tenuem
540 526 654 591 fovent
676 548 773 610 opum
794 526 1004 611 benignitate.

205 611 276 676 Ter.
298 610 470 696 postquam
492 612 653 677 enarravit
667 612 764 676 etiam
780 612 921 696 quinque
935 612 1105 677 trochaeos

140 698 175 760 in
202 700 305 761 metro
334 696 464 761 sotadeo
491 696 625 780 reperiri
647 719 676 761 v.
699 696 784 762 2044
806 696 851 760 sie
872 697 993 782 pergit:
1022 696 1105 760 dabo

139 781 313 845 versiculos
332 803 395 864 quo
410 781 470 845 tibi
484 803 537 846 res
550 781 653 866 magis
690 781 822 847 robetur
836 782 971 845 ‘urbem'
989 802 1014 846 e.
1032 803 1061 863 q.
1079 803 1103 844 s.

162 866 191 930 9.
235 888 314 930 uvas
335 866 445 930 nitidis
467 865 629 931 frontibus
680 867 768 931 uhan
789 866 915 931 hederis
936 866 1061 950 inligat.

203 949 395 1034 Exemplum
421 952 600 1015 tetrametri
621 951 719 1016 ionici
742 950 906 1016 aeataleeti
934 951 1026 1015 affert
1048 950 1104 1014 Vi·

141 1036 283 1099 ctorinus
304 1056 357 1120 pg.
384 1035 444 1100 123
465 1036 534 1100 sine
555 1036 687 1101 nomine
710 1035 857 1100 auctoris.
899 1034 1012 1100 Falsus
1034 1035 1106 1098 Ati·

142 1120 204 1183 lius
225 1140 279 1266 pff.
296 1121 359 1185 345
380 1121 509 1185 cuinam
523 1122 644 1186 tribuat
665 1142 733 1185 non
754 1121 831 1184 satis
846 1124 981 1185 constat.
1018 1119 1105 1183 Nam

141 1203 227 1288 quod
268 1205 373 1290 egitur
401 1207 436 1268 in
463 1205 571 1270 eodiee
594 1205 752 1270 Vaticano
776 1203 878 1287 ‘apud
900 1203 1106 1269 Cleomaeum

141 1289 322 1353 invenitur'
345 1294 453 1373 aperte
473 1294 659 1373 corruptum
682 1293 739 1374 est,
761 1291 798 1354 ut
819 1287 968 1353 editionis
983 1288 1104 1353 Medio-

140 1373 281 1437 lanensis
313 1373 393 1438 illud
421 1372 523 1458 ‘apud
551 1373 585 1440 D.
612 1374 785 1439 Ienatem’.
829 1374 898 1437 Alii
925 1372 1105 1438 Maeeenati

140 1458 297 1542 tribuere3
321 1457 376 1523 sed
398 1463 447 1524 est
467 1458 554 1524 haud
576 1459 670 1524 dubie
692 1462 806 1545 poetae
828 1479 908 1522 saec.
932 1481 962 1523 u.
986 1480 1012 1523 e.
1035 1458 1074 1522 X.

142 1544 191 1608 10.
258 1565 277 1607 o
301 1545 357 1630 qui
379 1543 494 1628 chelyn
517 1566 667 1609 canoram
689 1542 811 1629 plectro
833 1543 919 1629 regis
939 1543 1032 1608 Itala.

203 1627 324 1692 Atilius
345 1651 367 1713 p
392 1628 479 1693 ,320
500 1628 556 1694 ubi
571 1633 708 1694 metrum
730 1629 969 1714 galliambieum
991 1627 1105 1693 deseri·

140 1713 190 1777 bit
217 1717 267 1777 ‘et
288 1712 342 1776 ille
364 1649 496 1778 ditemus
518 1715 671 1779 auctoris:
695 1736 714 1778 o
737 1713 810 1798 qui'
834 1734 862 1778 e.
886 1736 915 1797 q.
939 1735 963 1776 s.
1007 1712 1105 1776 Hune

141 1818 268 1862 versum
290 1819 363 1862 oum
378 1802 531 1882 sequente
552 1821 608 1864 our
621 1798 784 1864 neoterioo
805 1797 1008 1882 potissimum
1029 1816 1106 1881 poe·
1148 1847 1151 1854 .

141 1887 193 1947 tae
215 1881 356 1946 tribuam
377 1883 545 1967 apparebit
566 1885 596 1949 ei
611 1884 667 1968 qui
688 1883 803 1968 legerit
817 1904 899 1966 quae
912 1881 986 1946 libri
1000 1880 1105 1945 nostri

139 1988 193 2086 ug.
211 1967 273 2066 {09
294 1966 378 2115 diluta
400 1970 483 2032 sunt.
499 2007 548 2118 ἐ-
569 1968 618 2032 De
634 1968 817 2033 coniectura
831 1989 901 2032 mea
916 1967 1006 2030 venit
1024 1963 1105 2029 illud

158 2073 192 2115 re
229 2058 278 2135 s'3
380 2057 472 2116 o‘re
529 2059 550 2118 '.

142 2072 227 2200 1th
257 2071 379 2201 rutilosg
392 2073 622 2202 reoidilorines
643 2137 853 2222 habitumque
875 2157 952 2221 cape
975 2136 1046 2200 viri.

203 2220 308 2285 Affert
329 2219 516 2306 Diomedes,
544 2222 600 2287 ubi
621 2221 660 2286 de
687 2221 890 2309 galliambieo
913 2225 1015 2286 metro
1038 2220 1107 2306 agit

141 2325 199 2453 pg(i
218 2305 291 2370 514.
336 2305 484 2372 Videnda
512 2329 593 2390 quae
622 2307 687 2371 dixi
716 2306 757 2372 ad
777 2306 995 2393 fragmentum
1016 2326 1106 2389 prae·

141 2411 177 2453 oe
199 2411 264 2455 ens.

143 2474 192 2538 12.
225 2474 404 2540 Diomeden
425 2475 520 2541 modo
543 2497 698 2564 magnum
720 2477 778 2540 dea
799 2476 884 2559 feeit,
907 2475 965 2538 dea
986 2473 1063 2538 belli

227 2560 435 2646 dominatrix,
464 2560 611 2648 Phrygas
638 2563 742 2627 omnis
770 2565 807 2625 ut
817 2560 868 2708 tin
896 2559 992 2623 armis
1014 2580 1106 2643 supe·

745 2666 840 2710 rare.

225 2731 344 2814 patulis
366 2730 497 2816 agmina
518 2732 638 2816 eampis
659 2732 827 2794 iacuerunt
848 2728 921 2792 data
942 2729 988 2793 let
1010 2779 1017 2793 .

228 2814 337 2898 pavidi
350 2820 505 2901 tergaque
520 2815 631 2880 dantes
645 2815 808 2912 petierunt
821 2813 963 2962 t'ffipidae
978 2835 1062 2877 moe-

747 2919 803 2963 ma
872 2920 951 2964 o1ae.

206 2984 418 3048 Terentianus
440 3007 490 3049 vv.
507 2984 590 3049 2056
605 3005 692 3068 sqq.:
715 2985 919 3068 apelassonos
935 2987 1042 3048 autem
1056 3005 1106 3047 ra-

140 3069 230 3133 tione
259 3090 323 3152 qua
348 3072 478 3153 regatur
506 3090 579 3134 eum
606 3068 645 3133 de
666 3068 800 3152 pedibus
822 3069 1007 3133 dissererem
1029 3068 1108 3131 satis

141 3153 275 3237 probavi
299 3151 542 3239 [roll-1516.
579 3152 642 3218 Sed
664 3154 757 3238 quale
779 3158 917 3218 metrum
939 3153 1108 3217 continuet

141 3259 228 3304 nune
242 3236 426 3302 referemus.
449 3237 515 3302 dixi
561 3238 709 3304 iomeden
730 3239 820 3323 pedis
834 3238 930 3302 huius
951 3259 1019 3301 esse
1040 3236 1107 3301 for-

141 3345 236 3388 mam.
264 3324 299 3388 in
314 3324 454 3388 earmina
470 3324 516 3388 sie
531 3328 581 3389 est
602 3323 798 3389 ‘Diomeden
812 3321 907 3388 modo
923 3330 1106 3406 magnum'.

144 3406 319 3492 Sequentia
339 3407 441 3473 tribus
464 3410 657 3473 tetrametris
679 3429 808 3492 unoque
833 3407 980 3481 ,trimetro
1004 3406 1108 3490 dispe-

48 3508 52 3513 ’
143 3498 237 3557 scunt
259 3492 441 3578 Santem'us,
458 3493 668 3578 GaisfordiuS,
683 3493 917 3559 Lachmannus.
947 3492 993 3556 At
1008 3491 1108 3555 Bent-
