2386 3984
122 199 143 262 2
187 169 189 173 η
504 208 712 264 NAMATIANI

168 367 302 434 Securos
323 370 426 434 levius
448 371 569 435 crimen
591 375 794 441 contemnere
817 375 916 439 cives:

208 453 372 518 Privatam
393 459 544 538 repetunt
564 456 693 540 publica
715 457 830 523 damna
850 459 957 525 fidem.

125 537 359 603 ⁴25Praesentes
380 539 527 603 lacrimas
550 541 643 605 tectis
665 541 815 607 debemus
838 544 947 609 avitis:

205 623 341 688 Prodest
362 624 544 688 admonitus
567 647 660 709 saepe
682 627 792 691 dolore
814 628 914 706 favor.
938 657 941 660 ’

163 707 196 773 N
198 729 232 772 ec
254 707 303 772 fas
324 709 458 772 ulterius
481 710 594 794 longas
616 712 738 775 nescire
759 713 883 797 ruinas,

206 791 291 868 Quas
313 816 404 858 mora
425 816 595 877 suspensae
617 796 843 881 multiplicavit
865 798 944 881 opis.

161 877 231 943 Iam
251 881 378 962 tempus
400 878 514 943 laceris
535 884 610 962 post
632 902 726 945 saeva
747 882 895 953 incendia
915 881 1028 947 fiendis

120 976 153 1023 30
206 961 269 1027 Vel
292 963 468 1046 pastorales
491 963 656 1028 aedificare
679 987 776 1031 casas.

161 1047 229 1131 Ipsi
251 1048 330 1131 quin
352 1048 449 1112 etiam
470 1048 577 1112 fontes
599 1050 626 1113 si
648 1051 775 1115 mittere
796 1072 922 1134 vocem,

203 1132 338 1216 Ipsaque
361 1133 388 1196 si
409 1137 541 1216 possent
561 1135 674 1198 arbuta
694 1139 806 1199 nostra
826 1135 931 1219 loqui:

164 1216 349 1282 Cessantem
370 1218 462 1282 iustis
484 1221 635 1302 poterant
655 1239 769 1303 urgere
791 1220 942 1303 querelis,

203 1301 247 1367 Et
269 1301 431 1367 desideriis
454 1303 568 1367 addere
589 1303 661 1367 vela
681 1303 770 1368 meis.

118 1387 296 1450 salamiam
317 1386 426 1451 lassati
449 1409 538 1452 carae
561 1388 779 1471 complexibus
800 1390 888 1454 urbis
913 1443 916 1449 .
1043 1409 1050 1425 ·

202 1471 386 1554 Vincimur,
409 1475 442 1536 et
463 1495 568 1537 serum
590 1473 644 1537 vix
665 1473 840 1539 toleramus
861 1475 930 1561 iter.

158 1556 306 1620 Electum
327 1556 475 1641 pelagus:
499 1559 651 1642 quoniam
672 1561 801 1624 torrena
822 1560 946 1624 viarum

200 1641 304 1705 Plana
325 1640 454 1705 madent
475 1643 597 1726 fluviis,
621 1644 767 1707 cautibus
790 1643 904 1707 altari
928 1650 991 1709 ent.

158 1724 334 1810 Postquam
347 1724 468 1791 Tuscus
489 1747 566 1811 ager
576 1728 809 1808 postqfflmque
820 1666 971 1790 Aurelius
983 1750 1089 1812 agger

116 1823 150 1871 40
203 1811 380 1894 Perpessus¹
399 1811 526 1876 Geticas
548 1831 623 1874 ense
644 1809 696 1872 vel
718 1810 792 1894 igne
814 1831 927 1872 manus

157 1894 190 1960 N
192 1917 235 1960 on
249 1896 345 1959 silvas
361 1895 523 1978 domibus,
544 1916 612 1958 non
633 1893 767 1956 flumina
779 1897 879 1976 ponte
901 1893 1062 1958 cohercet:

199 1980 326 2044 Incerto
350 1981 451 2045 satius
473 1978 598 2044 credere
619 1978 691 2042 vela
711 1978 802 2042 masi.
919 2012 921 2016 Α

160 2064 280 2129 Crebra
300 2064 517 2149 relinquendis
540 2062 703 2148 infigimus
719 2063 835 2127 voscula
847 2063 974 2146 portis:

200 2150 301 2214 Inviti
322 2152 475 2233 superant
495 2149 609 2212 limina
629 2169 718 2222 sacra
739 2147 845 2230 pedes.

115 2246 148 2293 45
161 2233 297 2298 Oramus
320 2235 447 2300 veniam
467 2233 608 2298 lacrimis
630 2237 663 2297 et
683 2232 776 2296 laude
798 2233 942 2315 litamus,

198 2319 238 2383 In
261 2323 416 2403 quantum
437 2319 531 2383 fletus
553 2339 679 2383 currere
701 2318 799 2382 verba
820 2318 906 2381 sinit.

156 2403 297 2488 Exaudi,
319 2404 432 2489 regina
452 2405 501 2468 tui
522 2403 738 2488 pulcherrima
758 2402 885 2483 mundi,

197 2489 287 2553 Inter
308 2489 447 2554 sidereos
469 2488 573 2554 Roma
594 2491 722 2571 recepta
742 2487 849 2570 polos3

155 2573 296 2658 Exaudi,
326 2575 473 2659 genetrix
494 2575 676 2655 hominum,
706 2571 913 2656 genetrixque
936 2569 1084 2635 deorum„

114 2671 148 2720 5ο
200 2658 277 2724 Non
299 2660 413 2742 procul
435 2683 455 2724 a
476 2661 564 2725 caelo
586 2660 722 2741 pertua
742 2656 863 2740 templa
883 2677 1003 2721 sumus.
1048 2681 1053 2687 ·

156 2744 200 2807 Te
217 2744 360 2808 canimus
375 2765 577 2828 semperque,
599 2742 706 2806 sinent
720 2740 795 2803 dum
810 2741 892 2825 fata,
915 2762 1086 2806 canemus:

198 2827 315 2912 Sospes
336 2850 430 2892 nemo
453 2831 560 2911 potest
580 2827 749 2890 immemor
771 2846 837 2889 esse
859 2825 917 2890 tui.
997 2857 1002 2868 ·

157 2913 332 2978 Obruerint
353 2913 448 2978 citius
470 2912 623 2976 scelerata
645 2909 765 2974 oblivia
785 2910 901 2994 solem,
985 2968 988 2974 .

198 2997 302 3074 Quam
323 3002 398 3062 tuus
421 3018 460 3060 ex
481 2999 593 3061 nostro
616 2993 710 3059 corde
732 2994 859 3059 recedat
881 2995 994 3059 honos.

114 3096 146 3144 55
159 3083 245 3149 Nam
268 3082 344 3147 solis
366 3081 463 3146 radiis
484 3080 630 3164 aequalia
651 3101 785 3144 munera
805 3079 933 3161 tendis,

198 3166 268 3242 Qua
289 3161 499 3230 circumfusus
521 3166 655 3230 fluctuat
678 3163 833 3229 Oceanus.
1100 3231 1106 3242 ,

155 3251 308 3317 Volvitur
330 3251 398 3334 ipse
419 3251 494 3334 tibi,
517 3251 573 3334 qui
595 3250 739 3315 continet
761 3247 885 3330 omnia,
913 3246 1087 3329 Phoebus,

196 3336 288 3419 Eque
309 3336 374 3400 tuis
397 3339 484 3400 ortos
506 3337 542 3400 in
563 3340 619 3401 tua
641 3335 751 3400 condit
773 3355 881 3418 equos.

155 3421 200 3486 Te
222 3443 290 3486 non
310 3420 517 3506 flammigeris
538 3420 639 3505 Libye
660 3419 800 3485 tardavit
821 3416 964 3501 harenis,

113 3520 147 3568 oo
202 3505 279 3571 Non
301 3509 424 3572 armata
440 3527 505 3582 ¹suo
527 3505 668 3588 reppulit
688 3504 773 3567 Vrsa
793 3504 884 3587 gelu:
