2386 3984
37 3042 54 3090 ,g

109 201 149 266 10
237 290 239 297 y
483 201 717 282 nsulsum}

169 373 257 437 Haec
278 372 426 455 proprios
448 393 551 455 nuper
571 373 707 435 tutatast
726 371 834 437 insula
855 375 955 440 saltus

212 455 285 521 Sive
307 457 370 520 loci
392 456 524 541 ingenio
547 477 602 519 seu
625 455 747 520 domini
768 458 881 541 geni03

171 541 305 626 Gurgite
327 562 400 606 cum
422 540 547 605 modico
569 541 752 605 victricibus
775 542 901 606 obstitit
922 545 1035 629 armis,

106 640 157 688 330
214 625 390 710 Tamquam
412 626 590 712 longinquo
612 625 782 690 dissociata
803 627 898 690 mari:

169 709 257 774 Haec
278 711 397 776 multos
418 711 523 774 lacera
543 711 683 794 suscepit
704 711 744 775 ab
765 712 844 775 urbe
865 711 1011 796 fugatos3

210 793 273 859 Hic
294 795 386 860 fessis
407 796 513 878 posito
535 799 622 859 certa
642 796 758 860 timore
778 797 872 860 salus.

171 879 315 944 Plurima
335 885 463 944 terreno
485 881 696 964 populaverat
717 902 857 965 aequora
877 881 961 944 bello

211 963 332 1030 Contra
352 967 500 1029 naturam
522 966 621 1030 classe
642 965 802 1029 timendus
825 987 930 1049 eques.

104 1062 154 1110 335
170 1048 280 1114 Vnum
301 1048 382 1113 mira
402 1049 480 1114 fides
502 1051 591 1115 vario
614 1050 794 1113 discrimine
816 1054 946 1132 portum

211 1133 291 1198 Tam
312 1154 413 1217 prope
434 1133 603 1217 Romanis,
626 1138 693 1198 tam
714 1135 827 1216 procul
849 1155 916 1198 esse
939 1134 1039 1199 Getis.

168 1218 344 1302 Tangimus
366 1218 579 1283 Vmbronem:
607 1240 675 1283 non
697 1222 746 1283 est
767 1218 911 1303 ignobile
933 1219 1069 1302 fiumen3

210 1301 303 1377 Quod
323 1306 394 1366 tuto
416 1303 556 1386 trepidas
578 1303 697 1386 excipit
719 1324 773 1367 ore
795 1307 894 1368 rates:
956 1323 958 1328 ⁴

170 1386 250 1450 Tam
271 1386 374 1451 facilis
396 1388 507 1470 pronis
529 1409 654 1472 semper
675 1391 765 1472 patet
786 1388 895 1454 alveus
917 1389 1027 1475 undis,

106 1485 157 1533 340
213 1471 253 1535 In
274 1475 411 1555 pontum
433 1473 559 1557 quoties
581 1495 677 1538 saera
697 1474 844 1558 procella
859 1474 934 1539 ruit.

166 1555 229 1622 Hic
251 1578 311 1642 ego
333 1559 525 1642 tranquillae
547 1559 636 1624 volui
659 1558 825 1624 succedere
847 1560 951 1643 ripae:
1029 1600 1031 1603 -

211 1641 273 1706 Sed
294 1647 425 1726 nautas,
448 1643 558 1708 avidos
581 1645 711 1728 longius
733 1644 795 1726 ire,
817 1665 942 1726 sequor.

168 1725 220 1791 Sic
241 1726 447 1792 festinantem
469 1731 646 1810 ventusque
669 1727 798 1808 diesque
820 1728 991 1810 relinquit3

208 1811 278 1876 Nec
298 1811 443 1895 proferre
464 1811 577 1893 pedem
599 1832 659 1873 nec
679 1831 830 1875 revocare
850 1810 936 1874 licet.

103 1910 154 1960 345
169 1896 313 1960 Littorea
333 1895 437 1960 noctis
458 1895 602 1979 requiem
624 1897 781 1958 metamur
802 1915 913 1957 arena:

209 1980 275 2044 Dat
295 1979 495 2063 vespertinos
516 1983 641 2062 myrtea
661 1979 743 2043 silva
763 1977 869 2042 focos:

167 2066 306 2131 Parvula
327 2064 477 2129 subiectis
498 2064 633 2128 facimus
654 2063 795 2128 tentoria
815 2063 926 2146 remis3

210 2149 421 2213 Transversus
443 2149 549 2214 subito
571 2148 710 2213 culmine
733 2151 847 2213 contus
870 2151 947 2215 erat.

167 2235 238 2299 Lux
259 2234 382 2298 aderat:
404 2235 506 2298 tonsis
528 2234 689 2319 progressi
712 2237 796 2298 stare
819 2230 977 2298 videmur:

103 2334 154 2383 350
212 2318 274 2384 Sed
295 2339 422 2383 cursum
443 2341 557 2402 prorae
578 2322 664 2383 terra
685 2319 797 2384 relicta
817 2318 941 2401 probat.

169 2404 314 2470 Occurrit
336 2403 507 2488 chalybum
528 2404 745 2470 memorabilis
766 2403 836 2468 Ilva
857 2402 1013 2486 metallis,

210 2488 280 2564 Qua
300 2489 348 2552 nil
368 2489 498 2554 uberius
517 2489 638 2554 Norica
658 2489 753 2575 gleba
774 2488 864 2570 tulit3

168 2575 244 2639 Non
266 2572 394 2638 Biturix
415 2575 464 2638 lar
488 2597 506 2639 o
528 2575 638 2659 potior
658 2575 808 2645 strictura
829 2572 972 2655 camino,

209 2658 278 2723 Nec
300 2680 382 2743 quae
404 2595 578 2725 Sardonico
602 2660 720 2743 cespite
743 2678 846 2722 massa
866 2657 947 2721 fluit.

103 2756 153 2806 355
168 2745 246 2809 Plus
268 2744 393 2810 confert
413 2745 541 2828 populis
562 2744 640 2808 ferri
661 2743 799 2808 fecunda
820 2742 956 2806 creatrix

210 2828 313 2905 Quam
334 2830 524 2894 Tartessiaci
544 2829 653 2914 glarea
673 2829 763 2892 fulva
784 2827 874 2912 Tagi.

167 2914 317 2979 Materies
339 2914 426 2980 vitiis
447 2935 561 2978 aurum
582 2912 677 2978 letale
699 2911 865 2997 parandis:

209 3001 291 3064 Auri
313 3021 423 3064 caecus
438 3021 535 3075 'amor
557 2998 644 3062 ducit
665 2999 701 3062 in
723 2996 944 3080 omnen-efas:

167 3087 275 3150 Aurea
289 3085 456 3171 'legitimas
478 3081 666 3168 expugnant
684 3078 824 3147 munera
838 3078 962 3162 taedas,

102 3183 155 3231 360
211 3169 447 3255 Virgineosque
470 3169 559 3232 sinus
581 3190 695 3232 aureus
717 3169 819 3232 imber
841 3165 933 3230 emit:

168 3257 258 3320 Auro
280 3255 366 3319 victa
386 3252 464 3317 fides
485 3253 626 3317 munitas
649 3253 767 3336 decipit
788 3252 898 3315 urbes:

210 3339 292 3403 Auri
313 3338 444 3424 flagitiis
466 3339 604 3402 ambitus
625 3339 693 3421 ipse
715 3337 804 3401 furit.

169 3427 216 3488 At
237 3427 349 3488 contra
370 3423 455 3487 ferro
478 3423 671 3507 squallentia
692 3444 766 3486 rura
787 3421 953 3502 coluntur,

209 3508 308 3572 Ferro
330 3508 459 3573 vivendi
480 3508 584 3592 prima
605 3511 732 3590 reperta
752 3505 843 3571 viast.
