2386 3984
412 210 519 266 LIBER
540 209 686 267 PRIMVS.

112 376 280 458 Gaudent,
303 378 335 440 et
357 374 477 458 duplici
498 374 667 439 sedulitate
688 373 811 439 fovent.

67 463 164 528 Haec
181 461 305 544 eadem,
328 480 401 524 cum
421 458 599 524 Flaminiae
621 459 807 544 regionibus
829 460 923 544 irem,

112 545 298 631 Splendoris
319 544 416 628 patrii
438 565 532 627 saepe
555 548 682 627 reperta
703 544 796 609 fides:

69 633 202 698 Famam
223 629 377 695 Lachanii
399 631 570 693 veneratur
590 629 733 694 numinis
755 629 857 695 instar
986 643 1037 692 595

111 717 201 781 Inter
221 715 419 800 Tybrigenas
442 713 545 798 Lydia
565 717 635 779 tota
657 735 740 778 suos.

71 803 170 866 Grata
190 799 285 864 bonis
307 799 429 884 priscos
451 798 570 863 retinet
590 799 759 883 provincia
780 821 884 864 mores

111 886 282 984 Dignaque
304 888 444 949 rectores
466 904 591 981 semper
611 884 729 949 habere
751 885 869 968 bonos,

71 971 180 1048 Quahs
202 991 290 1034 nunc
311 968 444 1052 Decius,
466 967 584 1033 Lucilli
605 969 715 1034 nobile
737 971 872 1055 pignus,

110 1056 173 1121 Per
196 1054 307 1139 Gorya·
328 1055 467 1138 populos
489 1075 566 1119 0100
586 1053 681 1118 beata
701 1055 795 1138 regit.
988 1069 1038 1117 000
1079 1052 1137 1115 aa*

66 1142 137 1207 Neo
158 1140 292 1223 mirum,
314 1140 425 1238 magni
447 1139 475 1203 si
496 1138 638 1203 redditus
659 1138 767 1204 indole
789 1141 858 1204 nati
883 1208 885 1213 ,

110 1225 203 1290 Felix
224 1228 291 1289 tam
313 1224 411 1290 simili
432 1225 620 1308 posteritate
641 1227 742 1308 pater.

68 1310 173 1375 Huius
194 1309 355 1374 vulnificis
378 1309 475 1374 satira
496 1309 626 1375 ludente
648 1308 796 1375 Camenis

109 1395 179 1460 Nec
200 1394 329 1458 Turnus
350 1394 458 1476 potior
485 1415 544 1458 nec
565 1394 728 1458 Iuvenalis
757 1395 827 1460 erit.

68 1478 225 1543 Restituit
245 1480 387 1541 veterem
408 1478 554 1541 censoria
574 1477 652 1540 lima
672 1477 843 1560 pudorem:
987 1492 1036 1541 000

112 1562 263 1644 Dumque
284 1560 388 1625 malos
410 1560 526 1644 carpit,
548 1561 706 1645 praecipit
727 1583 795 1626 esse
816 1562 929 1628 bonos.

68 1647 141 1711 Non
164 1647 242 1710 olim
264 1645 346 1710 sacri
367 1645 559 1710 iustissimus
582 1645 701 1710 arbiter
722 1646 792 1710 auri

111 1731 390 1797 Circumsistentes
412 1730 554 1815 reppulit
574 1730 749 1815 harpyias?

67 1815 242 1902 Harpyias,
264 1837 402 1964 quarum
424 1815 614 1899 discerpitur
635 1815 797 1900 unguibus
820 1816 921 1899 orbis,

110 1901 199 1977 Quae
221 1923 263 1984 pe
285 1922 303 1964 e
347 1901 471 1965 10011100
494 1900 581 1984 quod
602 1901 737 1986 tetigere
758 1901 908 1965 trahunt:
986 1914 1038 1964 010

68 1986 156 2060 Quae
176 1921 347 2050 10000101

109 2070 199 2133 Inter
220 2069 388 2135 custodum
408 2070 537 2155 publica
557 2069 646 2134 furta
666 2071 788 2135 volant.

68 2152 131 2218 Sed
151 2175 219 2218 non
240 2153 400 2219 Lucillum
421 2154 566 2220 Briareia
586 2154 705 2239 praeda
727 2153 861 2239 fefellit,

30 2311 31 2316 η
110 2239 237 2322 Totque
259 2239 353 2302 simul
375 2240 523 2304 manibus
543 2240 662 2304 restitit
683 2262 748 2304 una
770 2261 893 2304 manus.

65 2323 198 2408 Iamque
221 2323 427 2387 Triturritam
448 2323 563 2388 Pisaea
584 2346 623 2389 011
644 2325 723 2389 urbe
745 2346 892 2389 reversus
897 2374 906 2407 ,
987 2337 1036 2386 010

107 2411 271 2493 Aptabam
292 2407 396 2474 nitido
419 2409 559 2492 pendula
580 2409 653 2473 vela
672 2408 779 2474 Noto:

69 2489 150 2556 Cum
172 2494 284 2559 subitis
306 2498 410 2560 tectus
432 2493 550 2558 nimbis
572 2493 733 2558 insorduit
754 2493 880 2576 0001101;

111 2573 302 2658 Sparseumt
322 2579 429 2644 radios
449 2579 563 2644 nubila
583 2583 679 2663 rupta
700 2599 810 2663 vagos.

68 2657 284 2727 Substitimus.
329 2663 408 2740 Quis
430 2664 516 2729 enim
538 2663 597 2728 sub
619 2666 808 2747 tempestate
830 2661 974 2747 maligna

109 2743 300 2811 Insanituris
322 2748 437 2814 audeat
458 2750 504 2814 ire
527 2747 645 2813 fretis?
984 2761 1000 2811 6

68 2828 145 2894 Otia
165 2828 281 2893 vicinis
301 2833 434 2898 terimus
455 2834 583 2900 11000110
606 2833 710 2917 011010,

109 2912 339 2998 Sectandisque
361 2917 451 2983 iuvat
470 2920 614 2984 membra
634 2939 764 2984 11100010
785 2917 872 2982 feris.

65 2999 284 3064 Instrumenta
304 3004 397 3083 parat
416 3003 557 3069 venandi
578 3004 692 3069 vilicus
714 3004 832 3086 hospes

84 3121 88 3129 ,
108 3086 217 3184 Atque
238 3084 361 3150 olidum
382 3084 491 3152 doctas
512 3110 606 3154 nosse
628 3089 733 3154 cubile
755 3109 859 3153 canes.

65 3165 224 3234 Frmdrtur
244 3169 369 3235 insidiis
391 3173 425 3234 et
444 3193 517 3236 1010
537 3171 648 3237 fraude
670 3173 840 3258 plagarum
981 3183 1033 3234 625

109 3252 335 3340 Tenibilisque
358 3254 444 3321 cadit
463 3255 598 3321 1011111110
621 3256 726 3322 dentis
748 3278 840 3342 aper,

68 3334 169 3411 Quem
189 3338 363 3427 Meleagrei
385 3343 558 3407 vereantur
579 3339 667 3406 adire
688 3342 815 3426 lacerti,

111 3419 172 3496 Qui
193 3424 279 3492 laxet
298 3427 401 3493 nodos
422 3428 488 3491 Am
510 3425 546 3491 111
599 3425 744 3494 oniadae.

65 3505 149 3570 Tum
170 3529 378 3593 responsuros
399 3533 472 3597 pers
507 3430 695 3579 airinom
717 3517 858 3593 montes,

118 3643 284 3688 Nmmrvs.
825 3632 849 3680 ‘l-

337 1986 448 2050 sciunt
468 1986 610 2070 Argum,
638 2008 719 2068 quae
741 1984 870 2070 Lyncea
892 2007 1036 2051 caecum:

1002 2761 1036 2810 20
